2872 4610
625 205 828 268 ..54-

178 390 331 466 umidum,
357 395 493 458 atterum
516 401 664 474 tunquam
688 392 813 456 senium
834 377 874 454 et'.
889 395 986 456 retur
1006 397 1184 458 minutatim
1202 395 1296 474 fre-

176 511 262 565 ctum
284 511 316 564 et
333 507 472 580 peiorem
495 509 608 564 aetatis
626 509 758 578 parterm
784 511 816 562 et
841 501 1091 567 vicissitudinem
1107 501 1205 569 telem
1225 518 1294 580 per

176 629 289 672 ornnes
312 629 363 672 res
387 611 531 693 singutas
554 619 585 674 et
607 618 706 672 tutum
737 608 884 672 muudum
914 608 1122 687 pertinentem
1153 607 1292 668 descri-

177 718 251 798 psit.
282 719 409 784 [rueret.
434 721 461 779 ii
485 718 528 780 66
548 735 620 800 sqq·
643 717 718 780 1121
743 735 813 798 sqq.
836 717 867 777 V
889 715 952 778 826
973 734 1042 796 sqq.
1084 717 1159 778 Nec
1182 716 1292 776 multo

177 826 280 888 minus
310 830 342 888 in
370 828 551 888 Lucretium
583 827 705 888 leudem
736 827 839 904 itiam,
874 827 1125 908 qualemcunque
1155 827 1288 905 Empe-

174 931 259 994 docli
287 934 424 994 tribuere
447 925 637 996 Aristoteles
666 935 789 1014 voluit,
818 923 930 995 referri
948 937 1043 996 liuere
1070 943 1164 1013 pute,
1195 931 1287 1014 quod

174 1041 236 1102 etsi
257 1061 317 1120 uon
340 1041 433 1121 plane
454 1041 653 1122 perspexerit
676 1050 707 1101 et
730 1041 942 1122 expresserit,
966 1051 1072 1104 tamen
1094 1045 1284 1121 suspicatus

176 1148 219 1208 sit
241 1150 273 1207 in
295 1155 408 1210 natura
430 1148 493 1208 vim
517 1145 675 1227 qtrandarn
701 1147 771 1206 boui
794 1156 824 1207 et
848 1147 930 1228 maii,
954 1149 1083 1208 aiteram
1099 1148 1286 1208 inamicitia

177 1263 211 1314 et
234 1273 338 1316 rerum
363 1253 547 1334 cuncordia,
569 1254 700 1316 alteram
717 1252 747 1314 in
766 1254 928 1316 inimicitia
944 1265 976 1318 et
998 1253 1155 1316 discordia
1177 1254 1285 1314 collo·

178 1372 292 1424 catum.
314 1365 414 1425 Arist.
437 1362 578 1442 Metaph.
602 1365 614 1421 Ι
637 1362 666 1424 d.
712 1363 878 1441 Appellata
900 1364 981 1422 enim
995 1361 1178 1441 Empedocli
1197 1381 1281 1422 cou-

176 1469 283 1532 eordiu
304 1478 355 1531 est
376 1457 536 1552 ιΑρμονίη
558 1463 761 1549 θεμερῶπις,
783 1452 958 1548 ἦσειόφρων
980 1452 1130 1548 Φιλότης,
1153 1466 1284 1527 discor·

176 1573 227 1636 dia
249 1579 327 1636 ver'c
357 1569 459 1656 Δῆρις
482 1559 700 1650 αἱματόεσσα,
723 1571 843 1642 Νεῖκος
864 1556 1072 1648 μαινόμενον,
1093 1558 1308 1672 caudicem,

173 1669 302 1766 λυγρόν.
344 1685 379 1744 Ισ
401 1703 441 1744 eo
463 1693 567 1744 antem
590 1682 762 1743 haesitavit
787 1681 1016 1763 Empeduetes,
1041 1682 1139 1761 qnod,
1162 1691 1196 1744 ut
1219 1683 1282 1745 iam

175 1805 273 1868 supra
288 1785 440 1866 indicavi,
463 1795 591 1868 praeter
614 1785 725 1862 umbus
749 1787 818 1848 ilias
842 1787 939 1865 vires,
963 1797 1095 1848 naturae
1119 1789 1173 1848 vei
1187 1789 1279 1849 casui

173 1902 228 1956 uut
247 1895 431 1956 necessitati
454 1893 578 1956 cuidam
602 1911 751 1956 caussam
766 1895 929 1975 piurimeur
942 1898 1105 1958 concessit
1121 1898 1160 1974 ¹).
1184 1895 1278 1974 Quod

173 2003 256 2065 inira
278 2021 318 2064 ex
340 2005 439 2082 primu
461 2006 529 2064 eius
544 2021 646 2064 rerum
662 2003 764 2064 muudi
780 2005 1042 2064 conformationis
1057 2004 1279 2086 descriptione,

175 2129 271 2190 quam
297 2111 465 2172 Lucretius
488 2110 627 2170 imitatus
647 2120 710 2191 est,
734 2112 925 2172 inculerrtius
948 2112 1183 2174 demonstrabo.
1210 2113 1278 2176 Sed

58 2233 63 2248 ·
174 2215 205 2277 iu
228 2218 417 2279 Lucretium
442 2219 545 2297 potius
568 2237 663 2298 quarm
685 2222 716 2280 ic
741 2191 924 2302 magistrum
946 2220 1117 2300 Epicurum
1141 2223 1278 2288 maxime

178 2325 335 2410 quadrare
360 2335 436 2406 putu
465 2327 538 2388 iliud
570 2327 653 2409 quod
680 2326 824 2390 Galenus
854 2326 967 2406 prodit,
997 2328 1178 2406 Epicureus
1199 2347 1275 2390 cne-

175 2454 245 2498 cam
279 2445 423 2496 naturam
450 2454 509 2497 sna
537 2443 652 2515 sponte
680 2437 708 2494 iu
732 2436 913 2496 continuata
939 2440 1079 2497 motione
1104 2445 1135 2496 et
1157 2437 1274 2498 furmu-

163 2543 272 2634 'tionis
302 2559 458 2622 processu
495 2543 722 2602 necessitatem
756 2539 911 2622 quandam
938 2543 1086 2622 operandi
1112 2563 1275 2605 assumere

174 2660 206 2712 et
227 2655 273 2711 ito
293 2659 442 2729 tanquam
467 2648 618 2710 artificem
646 2669 716 2710 eam
740 2669 907 2731 apparere,
931 2644 1073 2732 putasse.
1113 2643 1172 2735 τήν
1195 2643 1271 2714 duo-

179 2753 322 2839 tonatur,
346 2753 405 2843 τῆς
431 2746 587 2844 κινήσεως
617 2753 768 2840 γίνεσθαι
798 2747 943 2842 τεχνικὴν
964 2745 1029 2820 iud
1051 2779 1138 2837 εινος
1158 2749 1272 2833 «οὐσίας

173 2855 302 2952 ἀλόγου.
347 2865 459 2931 Guieu.
482 2868 521 2930 dc
545 2868 621 2930 fuet.
645 2868 734 2928 form.
757 2886 782 2930 c.
799 2867 853 2928 17.
866 2870 897 2946 ⁹)

260 2981 477 3064 Empedocles
499 2990 598 3066 igitur
621 2986 699 3060 duas
721 2997 852 3048 naturae
873 2987 1176 3070 vircasiguiticavit.
1209 2987 1270 3052 Sed

175 3091 206 3150 in
227 3089 464 3170 distinguendo,
484 3103 522 3152 ‘ut
545 3097 632 3156 uires
654 3100 793 3176 itemque
816 3101 971 3160 elementa
995 3110 1124 3162 naturas
1146 3101 1270 3162 immor·

178 3199 260 3259 tutes
285 3208 316 3258 et
338 3208 486 3260 aeternas
509 3201 726 3295 signitictpret‚
756 3224 775 3267 u
796 3207 946 3285 peculiari
977 3207 1111 3284 quadarn
1143 3208 1200 3271 sed
1220 3228 1269 3268 re-

175 3318 271 3387 cepta
305 3307 358 3366 iila
388 3307 427 3367 ab
461 3305 704 3370 Eleaticis¹uoti
734 3301 857 3385 παντὸς
887 3313 1068 3378 definitione
1101 3299 1268 3396 argumen-

180 3479 426 3492 *ιι-ου..-

191 3585 222 3650 l)
240 3589 275 3637 cf.
296 3592 388 3640 Karst.
407 3606 431 3654 p.
451 3593 515 3642 349.
535 3595 599 3642 ³57.
618 3595 681 3643 359.

37 3753 39 3760 X
143 3674 149 3686 ’
192 3689 552 3753 2)σΐ,θεεε,11.ρ.2ἵ4.
590 3693 725 3742 Eiusmodi
748 3693 908 3743 sententiam
929 3687 1073 3756 Epicurum
1098 3693 1268 3746 inmundiot

237 3795 325 3834 rernm
345 3783 421 3846 primi
437 3787 516 3836 ortus
534 3777 714 3846 explicatione
733 3786 885 3834 contessum
905 3801 974 3848 esse,
994 3786 1045 3834 iarn
1057 3793 1092 3835 ex
1104 3787 1264 3850 pauetsquue

238 3873 318 3938 Diog.
345 3874 436 3924 Laert.
459 3875 583 3926 servavit
601 3875 700 3926 cantici
722 3875 896 3942 licetrliieg.
915 3881 939 3932 X
955 3879 1001 3930 75.
1020 3879 1064 3932 90.
1096 3879 1131 3930 cf.
1150 3880 1227 3932 [ruer.
1241 3879 1264 3926 V

170 3995 173 4000 -
238 3963 295 4014 420
313 3979 368 4027 sqq.
389 3965 501 4028 67728q·
1061 3987 1070 4000 ⁴
