2872 4610
766 187 773 198 Ι

931 222 935 239 l

620 245 824 308 ..50-

172 432 298 496 refertis
320 436 472 515 respexit.
517 435 610 514 Quod
633 437 713 498 benc
735 433 1020 498 Schrreiderns
1043 431 1265 496 animadvertit

172 529 203 602 in
225 551 330 604 annot.
361 542 403 604 ad
432 543 525 626 Diog.
547 545 578 606 X
601 544 694 622 epist.
724 541 764 604 od
787 542 934 622 Pythocl.
958 539 1008 602 91.
1059 539 1139 602 Sed*
1156 537 1198 601 de
1217 539 1265 601 his

172 651 253 712 sotis
274 651 324 712 sit.
368 652 403 711 ln
425 651 560 730 singulis
582 649 759 710 huiusmodi
782 648 936 726 exemplis
958 657 991 708 et
1007 647 1269 726 explicationibus

173 775 256 838 quaa
277 759 481 840 Empedoclis
504 767 536 820 ct
560 761 700 820 bileretii
718 756 888 818 similitudo
903 757 957 835 sit,
980 773 1063 816 nnnc
1084 776 1124 816 ne
1146 757 1268 836 longior

173 869 232 928 sim
256 885 409 950 quaerere
432 869 543 930 omitto
556 873 591 942 ¹).
1145 871 1150 877 ’

190 979 193 984 ’
256 973 322 1034 lam
344 990 421 1033 vero
444 975 583 1034 rationes
598 989 681 1052 qnae
697 970 738 1032 ad
757 951 888 1050 plurime
900 969 1105 1050 Empedoclis
1123 969 1270 1046 exemplo

172 1081 378 1157 pertinuerint
398 1078 565 1160 indagabo.
599 1077 703 1140 Affert
721 1079 802 1139 enim
828 1078 1032 1140 Aristoteles:
1056 1061 1268 1159 Ἡράκλειτός

169 1201 253 1267 φησι
270 1173 309 1245 rd
331 1174 480 1262 ἀντίξουν
495 1173 669 1268 ,colomanno
692 1179 747 1246 καὶ
768 1179 804 1246 ἐκ
824 1182 888 1247 τῶν
910 1171 1133 1269 διαφερόντων
1152 1175 1266 1242 nolli-

167 1305 246 1374 oapv
266 1280 422 1376 oipprort'or
442 1287 497 1353 καὶ
518 1279 626 1353 πάντα
647 1290 718 1354 κατ’
740 1283 807 1376 ἔριν
827 1288 988 1375 γίνεσθαι·
1010 1287 1047 1369 ἐξ
1067 1285 1214 1362 ἐναντίας
1228 1283 1266 1350 δὲ

167 1388 296 1472 τούτοις
315 1392 409 1462 ἄλλοι
423 1421 460 1463 τε
474 1396 528 1462 καὶ
541 1390 775 1484 Ἐμπεδοκλῆς·
796 1391 835 1462 τό
855 1391 922 1484 γάρ’
940 1385 1052 1480 ὅμοιον
1072 1396 1132 1464 τοῦ
1152 1389 1266 1479 ὁμοίου

167 1501 337 1590 ἐφίεσθαι.
351 1509 454 1568 utute.
464 1510 588 1569 Nicorn.
603 1509 680 1568 l'lll
696 1507 725 1568 2.
742 1529 772 1589 p.
783 1509 824 1570 75
836 1507 877 1572 G.
901 1507 1266 1590 Propriaigimrlnmpe-

167 1615 269 1676 doclis
292 1618 371 1677 ratio
394 1635 454 1697 qna
476 1617 515 1678 ab
539 1617 700 1678 Heraclito
729 1617 945 1700 distinguitur,
969 1637 1007 1678 eo
1024 1627 1151 1679 constat
1176 1616 1264 1698 quood

168 1724 380 1784 consensione
393 1722 527 1800 quadam
545 1723 646 1784 similo
661 1741 787 1804 semper
804 1723 843 1784 ad
855 1725 958 1790 simile
970 1723 1044 1784 serri
1066 1732 1098 1784 et
1119 1733 1265 1790 naturam

165 1833 198 1891 in
220 1833 365 1894 omnibns
389 1841 590 1912 appetentem
615 1833 664 1893 sui
682 1851 770 1912 csse,
787 1833 956 1914 linqueres
971 1841 1103 1894 ceturae
1119 1834 1266 1913 componi

169 1947 201 1999 et
220 1941 404 2000 conservari
428 1939 575 2002 ‹lecernit
621 1939 671 2000 Ad
693 1940 775 2000 hacc
799 1949 906 2000 monet
929 1940 1120 2000 Karstenius
1143 1960 1171 2020 p.
1186 1940 1265 2004 3962

170 2046 363 2106 citatissime
390 2055 479 2106 certe
509 2064 550 2104 ex
572 2043 775 2124 Empedoclis
804 2056 909 2108 mente
930 2047 980 2106 vis
1002 2047 1052 2108 illa
1074 2066 1131 2127 per
1159 2067 1264 2108 rerum

164 2161 308 2213 naturam
333 2161 439 2231 patet:
469 2153 586 2234 qnippe
605 2156 737 2234 quinon
758 2157 859 2214 solnm
883 2155 995 2216 similia
1018 2172 1087 2215 cnm
1110 2155 1264 2218 similibus

164 2256 355 2338 congregari
379 2255 437 2316 sed
458 2257 552 2330 etiam
575 2258 687 2318 similia
709 2258 862 2318 similibus
878 2257 964 2320 effici
983 2267 1015 2320 ct
1032 2277 1143 2320 rursus
1158 2279 1258 2340 agere

164 2365 195 2427 in
217 2367 330 2427 similia
348 2365 502 2427 docuerit.
548 2367 619 2428 Hac
637 2369 849 2428 consensione
870 2367 949 2450 fieri,
973 2376 1008 2431 ut
1030 2377 1063 2429 et
1084 2363 1169 2429 terro
1191 2378 1262 2430 ter-

162 2491 240 2533 rena
262 2480 392 2552 appetat
416 2481 448 2533 el
469 2473 580 2532 aether
601 2471 752 2534 aetherea
775 2481 808 2533 et
828 2473 970 2536 similiter
991 2475 1125 2555 reliqna3
1147 2475 1259 2538 eadem
1286 2487 1298 2504 ‘

163 2577 363 2658 affect10nes,
386 2598 514 2660 sensns,
539 2599 726 2660 omnemque
748 2583 841 2642 animi
862 2591 893 2642 et
917 2587 1058 2662 corporis
1078 2587 1260 2665 perceptio·

162 2707 233 2750 nem
256 2689 357 2769 eflici3
379 2687 441 2750 hac
462 2687 598 2770 denique
618 2692 649 2749 vi
672 2707 835 2770 corporum
858 2691 1094 2771 formationem,
1118 2712 1259 2773 genere-

162 2795 300 2868 tionem,
331 2797 545 2873 incremenla‚
582 2795 701 2856 victum
732 2795 913 2856 contineri«
964 2794 1030 2856 Sed
1054 2795 1258 2876 Empedoclis

159 2899 242 2961 illem
266 2897 437 2960 doctrinam
450 2901 545 2960 eliam
561 2899 688 2978 Epicuri
705 2907 737 2959 et
754 2891 894 2979 inprimis
911 2878 1050 2960 hncret'ii
1065 2902 1254 2980 peculiarem

93 3061 98 3072 ,
159 3005 260 3067 fuisse
281 3023 380 3085 snpra
402 3005 543 3084 (9999)
565 3025 585 3066 a
607 2997 656 3066 me
687 3007 851 3087 probatum
883 3009 978 3078 eslii).
1022 3008 1122 3070 Plane
1143 3007 1258 3071 similia

159 3125 263 3178 entem
293 3117 507 3176 Atomicorum
538 3127 570 3177 el
593 3116 732 3177 Lucretii
761 3133 914 3176 sensnum
943 3114 1150 3195 descriptioni
1178 3117 1260 3178 haec

158 3221 199 3286 de
213 3220 410 3304 Empedocle
427 3222 512 3286 diota
531 3231 606 3284 sunt
621 3222 706 3303 apud
718 3224 900 3284 Platonem:
918 3215 977 3282 snat
997 3217 1063 3284 τῶν
1081 3211 1258 3307 ἆπορροῶν

157 3365 451 3382 Μ

172 3437 201 3502 1)
220 3437 322 3490 Similia
340 3441 452 3500 uterque
469 3435 594 3486 traditio
612 3435 772 3498 explicando
789 3446 885 3484 somno
909 3439 937 3484 et
962 3439 1059 3483 morte.
1087 3434 1197 3482 iaceret.
1214 3433 1255 3483 1v

221 3529 276 3578 923
284 3543 324 3592 sq.
343 3529 497 3592 Empednp.
505 3528 640 3578 Stnrzinm
651 3542 674 3588 p.
683 3527 748 3576 491.
762 3528 798 3575 ci.
806 3525 951 3576 Democrit.
960 3527 1060 3587 fragm.
1068 3527 1109 3574 ed.
1121 3522 1254 3580 Malleoli.

218 3633 243 3683 p.
260 3619 363 3671 408.-
378 3621 402 3668 in
411 3632 511 3668 caussa
520 3620 683 3668 somniorum
694 3620 772 3666 [incr.
783 3615 822 3665 lV
832 3619 886 3666 963
897 3616 1008 3666 -1936,
1019 3615 1093 3678 Emp.
1104 3625 1147 3675 ap.¹
1158 3617 1250 3664 Stura.

217 3725 242 3775 p.
259 3711 323 3763 tes.
338 3739 369 3750 -
386 3713 490 3776 origine
508 3713 626 3762 Veneris
641 3709 799 3773 cupiditatis.
818 3711 898 3759 haer.
916 3710 955 3758 IV
977 3707 1058 3756 1999.
1076 3702 1187 3766 Emped.
1206 3719 1250 3766 ap.

219 3801 404 3864 [correptet.
414 3827 438 3838 -
454 3805 575 3866 etpnrtn.
586 3803 667 3850 bncr.
676 3801 715 3850 iv
725 3799 804 3850 1222.
815 3800 889 3860 Emp.
901 3812 927 3846 r.
936 3797 1002 3850 w.
1014 3809 1041 3847 ν.
1052 3799 1146 3847 annot.
1156 3797 1249 3846 norst.

144 3891 196 3956 ¹2)
214 3890 319 3943 Eadem*
331 3891 401 3942 ratio
419 3891 453 3940 ad
471 3893 651 3940 Democritum
670 3891 798 3942 retertur.
815 3875 915 3938 Sextus
934 3887 1010 3952 timp.
1028 3885 1182 3936 edv.tlattr.
1196 3885 1245 3934 vii

218 3979 279 4035 lltt'.
301 3985 363 4036 111.
380 4000 405 4048 p.
423 3985 479 4034 995
497 3987 539 4032 ed.
558 3983 662 4034 reone.
