2872 4610
618 294 899 381 -r'r--·

172 517 349 575 mentorum
373 511 577 594 transiturus,
602 515 714 593 paucis
736 518 850 575 cuncta
864 495 1122 596 qrraeirrrcusque
1136 520 1274 580 tractavi

172 621 323 702 colligere
338 611 377 682 'et
399 617 440 682 ad
463 628 581 683 certum
604 619 699 684 {inem
721 622 842 682 referre
863 623 892 682 in
915 621 1018 683 animo
1041 633 1101 684 est.
1143 625 1272 687 Lucre-

171 730 235 793 tius
258 731 286 790 in
310 728 488 809 primordiis
511 729 697 792 definiendis
721 739 907 813 argumenta
927 732 1122 812 gravissima
1144 753 1163 796 a
1184 742 1273 796 certa

172 847 207 901 et
241 837 371 900 definita
406 857 510 898 rerum
543 839 679 899 omnium
708 837 741 899 in
769 837 884 900 mundo
923 849 1034 902 natura
1064 838 1162 902 duxit.
1207 839 1274 904 Sed

171 942 335 1024 expressit
357 959 396 1004 ea
421 939 599 1004 secuudum
626 943 771 1024 magistri
796 942 923 1022 Epicuri
953 945 1164 1026 seutentiam,
1197 945 1273 1008 Non

174 1051 280 1113 omnia
313 1051 344 1132 in
377 1049 524 1112 omuibus
556 1049 681 1128 inesse3
701 1068 778 1131 ‚qua
804 1047 991 1130 decretum3
1022 1049 1108 1112 Nihil
1138 1051 1274 1114 enihilo

175 1153 274 1234 fieri,
315 1153 515 1235 probabatur.
566 1135 677 1231 (tonare
710 1154 813 1216 atiena
851 1156 906 1216 vel
939 1173 1023 1217 nova
1053 1156 1208 1237 quaedam
1242 1158 1275 1220 iu

133 1289 139 1294 ·
175 1263 307 1343 Epicuri
338 1258 509 1324 doctrinam
541 1281 613 1324 eum
640 1261 790 1324 'intulisse
814 1262 959 1344 equidem
988 1284 1049 1326 nou
1084 1264 1216 1328 dixerim
1238 1269 1275 1340 ¹).

175 1369 396 1431 Veruntamen
418 1380 546 1450 poetam
575 1367 766 1431 laudandum
792 1383 869 1433 csse
895 1379 990 1451 puto,
1013 1371 1097 1452 quod
1119 1374 1148 1433 in
1170 1370 1276 1434 mundi

179 1495 282 1538 rerum
305 1478 482 1538 constantia
505 1486 536 1538 et
558 1497 675 1562 magua
698 1479 750 1541 ilia
771 1477 927 1540 varietate
949 1487 982 1540 et
1003 1477 1189 1541 diversitate
1210 1477 1271 1540 de-

178 1582 351 1646 scribenda
378 1585 534 1647 Naturam
564 1585 637 1648 dicit
661 1587 693 1647 vi
715 1573 816 1648 caeca
843 1585 979 1668 quadam
1009 1593 1041 1655 et
1072 1585 1272 1648 clandestina

179 1689 329 1754 diversas
356 1692 529 1773 particulas
550 1692 593 1753 ita
614 1696 697 1754 inter
723 1711 760 1754 se
789 1692 1010 1774 congtutinare
1032 1703 1066 1754 ut
1088 1711 1149 1755 una
1172 1711 1278 1775 quae-

178 1803 252 1866 dam
275 1807 320 1866 rei
343 1815 454 1866 natura
479 1803 587 1864 exeis
610 1803 756 1866 exsistat.
788 1803 910 1863 Etenim
934 1800 1039 1864 mundi
1060 1819 1191 1862 resnou
1214 1819 1278 1863 vc·
1361 1819 1366 1827 ·

186 1909 231 1970 int
252 1926 389 1970 acervos
412 1907 564 1990 quosdam
587 1907 678 1968 nobis
701 1926 864 1988 apparere,
888 1906 946 1968 sed
970 1907 1113 1988 singulas
1137 1923 1280 1989 quasque

180 2015 256 2077 licet
277 2035 319 2077 ex
340 2015 459 2076 eisdem
476 2015 641 2076 elementis
658 2032 769 2076 omues
791 2023 1029 2095 componantur,
1042 2023 1168 2075 certam
1184 2031 1277 2076 unam

178 2131 211 2184 et
233 2121 389 2203 propriam
412 2129 555 2183 naturam
578 2137 641 2199 qua
663 2139 740 2180 vere
762 2119 909 2182 differant
930 2121 1011 2183 aiiae
1032 2122 1071 2182 ab
1085 2119 1153 2182 aliis
1166 2129 1281 2200 osten-

181 2227 259 2291 dere
281 2227 452 2290 contendit.
495 2225 600 2304 Quum
632 2227 806 2306 particulae
836 2230 917 2290 aliae
948 2247 1018 2290 cum
1048 2227 1118 2289 aliis
1139 2235 1281 2310 pugnent

181 2346 214 2398 et
242 2336 301 2397 sibi
332 2337 471 2399 invicem
504 2335 654 2414 obstent,
686 2354 752 2396 rem
782 2337 908 2397 omnino
940 2353 1016 2396 esse
1044 2354 1142 2416 posse
1174 2342 1282 2414 negat.

181 2441 254 2520 Qua
276 2441 402 2523 quidem
424 2440 546 2502 ratione
569 2442 737 2504 Lucretius
758 2442 789 2503 in
817 2441 991 2504 refutandis
1015 2441 1221 2523 Empedoclis
1249 2449 1284 2504 ot

182 2550 361 2613 Stoicorum
384 2557 417 2610 et
439 2551 659 2631 Anaxagorae
686 2549 852 2610 elementis
881 2568 962 2612 usus
992 2559 1050 2612 est.
1093 2549 1159 2610 Sed
1181 2567 1284 2631 argu-

104 2655 109 2658 ’
182 2667 290 2721 menta
322 2677 341 2720 a
369 2677 474 2720 rerum
508 2658 618 2720 mundi
650 2660 830 2720 constantia
864 2657 1008 2720 desumta
1040 2657 1070 2716 in
1098 2657 1283 2718 universum

184 2765 290 2846 magui
312 2769 461 2826 momenti
483 2767 512 2825 in
536 2765 695 2845 Epicurea
716 2763 858 2828 doctrina
885 2763 1020 2824 fuerunt.
1063 2761 1190 2840 Epicuri
1213 2762 1284 2824 iau·

184 2870 243 2932 des
263 2871 333 2952 ipse
355 2871 525 2932 Lucretius
547 2870 631 2934 huno
652 2871 683 2931 in
705 2869 831 2931 modum
854 2865 1127 2929 effert175-79

381 3001 414 3017 -
431 3001 465 3014 -
482 2988 560 3026 onne
578 2976 736 3026 inmensum
754 2973 912 3036 peragravit
930 2976 1016 3022 mente
1034 2970 1188 3032 animoque:

382 3064 456 3117 Unde
473 3067 557 3119 refert
574 3065 651 3116 nobis
670 3065 766 3126 victor,
785 3060 845 3126 quid
861 3062 947 3124 possit
965 3061 1041 3126 oriri,

384 3154 453 3224 Quid
471 3160 600 3218 nequeam
616 3155 826 3217 finitapotestas
845 3152 958 3214 denique
977 3153 1091 3215 quoique

384 3244 507 3308 Quanam
525 3244 560 3294 sit
577 3243 690 3304 ratione,
707 3246 788 3304 atqua
805 3232 1006 3291 atte'terminus
1022 3243 1144 3295 haerens.

188 3339 384 3405 Sententiam
417 3357 520 3420 vcro,
549 3337 625 3398 Non
656 3335 759 3398 onruia
787 3334 818 3394 iu
841 3331 987 3395 omnibus
1010 3349 1108 3412 esse,
1137 3330 1288 3412 imprimis

187 3437 403 3528 Anaxagoreo
424 3445 466 3505 iiii
490 3443 634 3522 decreto,
656 3441 771 3504 ‘Omnia
794 3441 826 3502 in
848 3439 998 3501 omnibus
1015 3439 1134 3514 inesse,
1157 3440 1290 3518 opposi-

187 3528 251 3618 tam
280 3571 356 3616 esse
384 3552 606 3633 cognovimus.
650 3547 731 3610 Cum
761 3549 958 3626 Anaxagora
987 3553 1093 3606 autem
1116 3543 1289 3623 Epicurum

189 3666 221 3725 iu
243 3662 380 3744 singuiis
403 3659 590 3742 quibusdam
612 3656 865 3720 controversiam
888 3654 1074 3715 exercuisse
1095 3669 1136 3711 ex
1159 3649 1288 3712 Laertio

193 3795 438 3811 ηοω-Μ

212 3885 242 3942 i]
260 3865 300 3932 lie
318 3845 489 3933 Lucretianis
505 3861 631 3933 versibus
649 3884 676 3947 1,
695 3877 860 3932 too—³29.
878 3876 1042 3928 ost-ooo.
1060 3873 1188 3926 audacius
1207 3873 1230 3921 id
1249 3872 1291 3921 iu·
1331 3892 1337 3911 x

259 3971 374 4022 dicatum
405 3977 446 4022 est
472 3967 750 4034 tn‘nncyoropaeuia
779 3969 932 4057 Erspuit
964 3971 996 4064 et.
1024 3964 1184 4015 (irritari
1215 3976 1238 4011 a.
1265 3975 1290 4014 ν.

264 4063 406 4125 Epicurus.
489 4097 492 4102 -
