2872 4610
587 253 796 342 ...u-

133 435 166 502 in
186 435 323 520 singulis
344 435 521 520 quibusque
543 437 666 501 semina
687 433 816 500 diversa
846 439 891 500 ita
918 435 1001 500 inter
1027 451 1067 499 ae
1090 451 1233 501 consan-

140 541 221 605 tiunt
251 552 283 605 nt
315 541 387 604 inde
414 543 460 604 rei
493 543 649 624 cuiusque
678 543 803 627 propria
836 541 991 626 quaedam
1024 542 1076 604 vis
1102 549 1242 608 naturae

138 654 271 735 evadat,
297 671 359 733 qua
382 654 443 718 alia
465 673 517 716 res
541 655 580 716 ab
602 655 662 716 uiia
684 674 763 720 verc
785 654 910 734 differt3
931 663 1065 722 murae
1083 664 1242 718 constan-

135 761 180 824 tia
205 771 311 824 autem
341 773 373 825 et
404 782 558 846 generum
587 772 675 826 certa
703 764 756 826 iila
784 763 963 827 discrimina
989 781 1029 822 eo
1052 771 1235 845 servantur,

139 867 224 949 quod
255 885 307 929 res
334 887 391 948 pro
417 885 478 930 sua
507 886 652 952 quaeque
681 869 784 932 indole
814 887 942 952 semper
967 870 1094 950 propria
1117 876 1232 932 etce-

141 984 241 1058 gnata
263 983 295 1038 et
318 985 393 1058 apta
414 979 620 1038 extrinsecus
641 977 781 1060 attrabit,
805 976 908 1043 aliena
930 996 1010 1042 vcro
1034 975 1169 1056 repellit.
1237 1008 1243 1023 ·

523 1181 847 1197 m

228 1331 294 1396 Sed
315 1352 394 1400 vera
415 1339 467 1402 vis
480 1341 693 1406 irucretianae
714 1345 996 1426 argumentationis
1018 1347 1079 1407 iam
1094 1363 1136 1406 ex
1152 1350 1240 1404 certo
1340 1330 1347 1334 ’

92 1489 95 1500 r
141 1437 195 1500 ilio
222 1441 285 1504 iine
308 1453 340 1506 et
362 1449 504 1530 consilio,
527 1468 588 1531 quo
603 1451 950 1536 Epicurum‘pbysicam
969 1449 1241 1540 snamfffgtractasso

22 1536 29 1549 ’
146 1552 260 1634 paucis
282 1569 380 1635 snpra
402 1557 551 1641 indicavi,
575 1559 762 1624 deducendo
784 1573 843 1624 est.
874 1561 967 1639 Quae
989 1562 1134 1643 quaestio
1156 1563 1241 1618 viam
1277 1571 1281 1576 ’

146 1674 272 1740 quoqne
288 1653 339 1722 'ad
360 1663 479 1746 reliqua
501 1665 681 1746 Epicureae
709 1668 871 1731 doctrinae
900 1669 1016 1750 piacita
1045 1663 1243 1747 explananda

144 1759 280 1848 parabit,
301 1768 419 1840 iodcut
438 1772 647 1837 confidentius
668 1787 780 1856 postea
794 1777 832 1838 de
847 1777 975 1839 aliorum
991 1775 1146 1854 exemplis
1166 1789 1245 1852 quae

64 1911 69 1919 ·
145 1876 487 1951 Lucretius-imitanda
509 1887 568 1947 sibi
591 1890 761 1968 sumpserit
783 1891 941 1952 coniicere
957 1884 1064 1950 'liceat
1089 1888 1245 1968 Epicurus

146 1991 252 2046 autem
282 1985 312 2046 in
342 1999 455 2050 natura
489 2009 592 2053 rerum
624 1993 832 2056 describenda
863 1996 892 2058 id
920 1997 1116 2076 propositum
1146 1992 1246 2054 tenuit

145 2095 179 2148 ut
199 2088 343 2153 homines
364 2112 383 2155 a
406 2097 476 2156 Deo
503 2095 651 2160 liberaret
678 2119 769 2180 quem
801 2101 869 2163 dies
900 2103 1072 2173 etssuoctes
1101 2085 1246 2160 timerent

150 2206 185 2260 nt
216 2192 374 2264 dominum
405 2207 595 2289 superbum,
624 2191 815 2272 efficientem
844 2209 1002 2270 omnia'et
1020 2209 1247 2290 gubernantem

151 2320 184 2374 et
204 2314 433 2394 providentem.
459 2318 525 2383 Cic.
548 2321 623 2382 Not..
646 2322 742 2385 Deor.
765 2319 851 2381 120.
896 2318 1005 2396 Quare
1026 2317 1246 2393 iabuiaspoe-

150 2426 252 2482 tarum
275 2431 306 2482 et
328 2423 479 2503 imprimis
502 2425 708 2506 physicorum
731 2427 906 2506 opinionem
929 2422 968 2484 de
989 2413 1077 2483 fatali
1100 2421 1248 2481 necessi·
1340 2491 1344 2497 ι

150 2535 218 2594 iate
239 2529 346 2592 irrisit.
369 2533 463 2614 Diog.
495 2537 528 2596 X
552 2533 619 2596 133.
663 2538 737 2616 ipse
759 2551 835 2594 csse
856 2532 980 2613 quidem
1003 2529 1095 2590 deum
1119 2527 1247 2608 proies-

153 2658 211 2702 rns
245 2651 311 2720 est,
343 2643 404 2704 seri·
422 2643 461 2704 de
483 2653 612 2707 aeterna
635 2647 704 2708 cius
730 2653 762 2706 et
783 2644 877 2705 beata
899 2651 1009 2704 notura
1030 2639 1247 2733 longctsecus

151 2756 246 2828 atquc
270 2750 320 2810 aiii
345 2751 521 2832 philosophi
544 2761 575 2814 et
599 2755 720 2836 vulgus
743 2755 912 2836 cogitavit:
934 2771 1004 2814 nem
1030 2735 1199 2811 aeternum
1216 2755 1248 2806 et

153 2855 280 2918 beatum
304 2858 396 2922 deum
420 2861 493 2922 nihii
515 2879 625 2924 curare
645 2863 742 2942 dixit,
772 2881 831 2924 neo
853 2861 971 2923 habere
1000 2862 1099 2938 ipsum
1128 2855 1250 2934 negotii

118 3028 124 3049 ,
150 2965 320 3045 quidquam
344 2985 405 3029 nec
427 2971 578 3033 exhibere
603 2973 709 3050 alteri,
742 2965 843 3049 neque
866 2989 937 3031 enm
960 2971 1005 3028 ira
1027 2965 1127 3044 teneri
1148 2979 1250 3042 neque

76 3120 81 3132 .
150 3075 266 3154 gratia.
289 3074 357 3136 Cic.
381 3077 456 3137 Nat.
479 3075 684 3138 Deor.130.
728 3077 821 3158 Diog.
843 3077 875 3136 X
902 3075 967 3140 ¹39.
1008 3084 1011 3095 '

196 3206 338 3268 Eandem
352 3213 541 3272 sententiam
555 3209 723 3272 Lucretius
739 3207 886 3270 defendit.
908 3209 936 3268 11
952 3205 1163 3273 645-6511).
1185 3204 1254 3295 lam

129 3331 234 3398 pvoro
248 3333 342 3376 unum
355 3316 669 3378 animadvertendum
695 3325 745 3376 est
766 3317 796 3374 io
809 3315 950 3376 Lircretii
973 3321 1105 3374 naturae
1129 3307 1252 3371 descri-

155 3407 355 3501 ptionesetis
377 3425 583 3503 conspicuum
607 3433 639 3484 et
662 3422 745 3504 quod
768 3423 950 3482 necessario
975 3439 1016 3480 ex
1039 3418 1089 3478 iilo
1111 3415 1254 3496 magistri

158 3533 287 3592 consilio
312 3532 583 3611 consequebatur:
617 3532 756 3592 nimirum
779 3550 818 3592 co
841 3535 930 3609 ipso,
960 3526 1045 3610 quod
1064 3532 1165 3606 ,poeta
1183 3523 1253 3584 deis

156 3656 313 3702 summam
331 3640 360 3700 io
373 3619 515 3702 naturam
531 3650 563 3702 et
576 3640 722 3739 mundum
744 3647 936 3719 potestatem
953 3643 1118 3715 erepturus
1135 3631 1166 3694 in
1181 3629 1253 3709 ipsa

163 3799 406 3814 Μ

179 3910 209 3977 1)
227 3877 332 3962 votos
350 3905 493 3959 eto—cor
513 3873 547 3956 ex
562 3905 615 3959 noe
633 3905 696 3963 roeo
712 3903 738 3954 rr
754 3902 856 3952 urorum
872 3898 985 3962 „froom
1000 3909 1027 3945 v.
1037 3889 1145 3951 or--ea
1161 3889 1254 3950 uuus-
1274 3964 1279 3968 ι

134 4043 136 4050 ι
224 4007 296 4060 latos
315 4005 398 4058 tuisse
417 4004 586 4066 demonstrat
603 4002 758 4060 beroays
777 3997 846 4050 bins.
865 3993 948 4044 iiber.
967 3983 1036 4048 v'p.
1054 3982 1120 4032 otc.
1176 4021 1183 4048 p
