2872 4610
634 228 819 352 ..r-

181 441 302 502 tentum
333 453 410 499 esse
437 435 548 500 veluit
600 434 695 500 Unde
721 437 786 500 hoe
813 437 941 521 quidem
972 437 1103 524 ellealt,
1137 440 1168 503 ln
1195 439 1280 504 india·

180 551 322 617 candeo
350 548 500 610 sensibus
530 545 741 630 incipiendum
771 563 847 609 esse
875 555 1077 632 mentemque
1105 550 1207 632 ipsam
1237 545 1280 612 ek

180 658 242 722 illis
263 653 402 739 pendere
424 663 456 717 et
485 653 568 737 qued
595 671 714 717 sensus
744 657 962 720 tantummodo
987 657 1188 744 reciperent,
1219 655 1281 739 ipsi

179 763 338 850 perceptis
366 763 461 830 rebus
490 761 562 824 nihil
590 760 766 843 adderent,
799 763 937 847 nihilque
966 767 1006 827 alr
1034 765 1075 828 lis
1101 747 1279 850 demerent,

174 895 304 936 emnem
327 871 434 934 indicii
457 891 594 932 errorem
617 869 646 932 in
666 871 737 932 sola
760 881 877 953 mente,
901 891 982 955 qune
999 873 1149 935 derebus
1165 875 1278 956 quales

180 1001 293 1044 revera
318 986 429 1041 essent
450 977 602 1040 iudicaret
625 987 657 1039 et
679 977 886 1060 demeteret,
917 981 1056 1060 positum
1078 997 1154 1042 esse
1175 999 1203 1042 c.
1224 979 1276 1042 us.

176 1089 350 1151 Praeterea
372 1091 403 1147 in
425 1085 569 1166 singulos
597 1101 713 1146 sensns
735 1083 821 1166 quod
840 1081 965 1166 leuique
995 1087 1193 1148 couveniens
1223 1093 1275 1148 est

123 1279 127 1288 ι
175 1195 308 1258 influere
331 1193 528 1254 existimavit
549 1209 576 1257 c.
597 1192 732 1254 49-54.
783 1193 859 1256 lnde
880 1204 985 1258 autern
1008 1195 1070 1258 hoe
1092 1213 1273 1278 conseque·

173 1305 278 1384 batur,
300 1319 404 1384 neque
425 1301 519 1362 alium
542 1313 672 1361 sensum
695 1301 735 1362 ab
755 1303 817 1364 alle
841 1291 944 1385 deque
965 1301 1099 1366 eundem
1115 1323 1135 1367 a
1150 1313 1272 1367 semet-

172 1413 242 1495 ipso
264 1411 364 1474 relelli
385 1426 482 1490 posse
505 1415 538 1470 et
561 1410 717 1489 cuiusque
737 1427 854 1472 sensus
877 1411 1091 1472 testimoninm
1108 1431 1170 1492 pro
1192 1415 1270 1474 vero

171 1519 350 1584 habendum
373 1536 448 1580 esse
464 1535 492 1579 c.
503 1517 554 1580 3¹.
598 1516 703 1595 Quam
721 1518 877 1595 rationem
894 1535 989 1600 quum
1004 1519 1174 1580 Lucretius
1191 1519 1271 1586 hene

143 1664 150 1690 r
172 1629 379 1711 perspiceret,
402 1626 588 1688 corronicam
612 1643 673 1687 non
698 1625 842 1707 physicis
856 1626 995 1690 decretis
1012 1625 1188 1708 praemisit,
1210 1624 1270 1688 sed

171 1725 203 1798 lu
225 1735 295 1815 ipsa
317 1729 461 1795 doctrina
482 1728 524 1792 de
544 1731 722 1794 simulacris
740 1731 895 1794 tractavit
917 1729 966 1792 tv
976 1729 1167 1792 tut-ets.
1203 1725 1270 1791 Sed

171 1852 240 1907 teta
263 1841 344 1904 hacc
364 1837 522 1920 physicae
543 1853 637 1918 pars,
666 1852 751 1918 quae
772 1836 813 1900 da
833 1852 989 1901 sensuum
1011 1835 1271 1918 perceptionibus

171 1959 205 2014 et
231 1947 410 2011 simulacris
437 1943 640 2006 attinentibus
668 1943 805 2027 agebat,
840 1961 903 2006 uon
938 1945 1040 2006 solum
1074 1945 1182 2025 ampla
1208 1941 1269 2014 sed

171 2061 267 2122 ‘etiam
289 2055 398 2140 grans
421 2054 453 2116 iu
473 2052 602 2134 Epicuri
624 2050 768 2140 doctrina
790 2050 1084 2125 miscendorum).
1126 2053 1170 2116 Et
1188 2069 1269 2133 gra-

168 2166 256 2229 vitas
278 2161 403 2247 quidem
424 2158 497 2223 inde
513 2166 614 2241 petet,
636 2157 721 2240 quod
737 2166 772 2221 ut
789 2157 985 2239 videbimus,
1008 2179 1049 2221 ex
1068 2160 1268 2223 accuratiore

176 2285 469 2308 ...-----

186 2352 218 2419 l)
235 2351 360 2413 amplam
378 2348 453 2399 ilium
471 2348 576 2410 partem
595 2345 679 2396 luisse
697 2359 732 2396 ex
749 2347 873 2409 plurimis
897 2349 1092 2400 controversiis
1115 2361 1183 2412 quas
1199 2347 1267 2412 Epi-

234 2456 317 2494 curus
340 2452 400 2490 cnm
422 2438 486 2490 aliis
509 2437 676 2500 philosophis
700 2440 835 2501 exercuit,
861 2441 996 2491 conticere
1019 2439 1093 2490 licet.
1116 2453 1143 2490 v.
1167 2442 1267 2504 fragm.

231 2533 294 2586 libri
320 2533 345 2581 ll
369 2531 411 2579 ed.
438 2527 522 2578 Orell.
548 2541 574 2590 p.
597 2527 642 2576 el.
686 2532 786 2578 Sextus
809 2530 961 2592 Empiricos
987 2529 1054 2580 duas
1085 2538 1205 2582 veterum
1231 2533 1264 2580 de
1317 2595 1322 2608 .

232 2607 294 2675 visu
320 2622 469 2673 sententias
495 2621 617 2683 profert,
645 2633 711 2682 quas
739 2621 882 2683 Epicurum
909 2623 1061 2686 respexisse
1084 2627 1112 2673 et
1136 2623 1263 2673 refellere

232 2720 369 2770 studuisse
387 2731 421 2766 ex
432 2716 552 2778 Diogene
566 2713 636 2764 Χ49
653 2719 774 2776 apertum
789 2719 839 2765 est.
854 2717 930 2767 Sext.
940 2717 1037 2778 Pyrrh.
1053 2717 1157 2780 llypot.
1172 2717 1210 2767 111
1218 2715 1260 2768 ‚et

230 2805 244 2874 ἦ
260 2805 338 2876 ὅρασις
355 2805 399 2857 ieie
416 2823 444 2859 re
461 2804 525 2864 cord
542 2805 655 2854 dedecere
672 2803 768 2872 ylupcer
785 2801 864 2854 κώνου
882 2837 889 2854 .
907 2842 913 2854 .
932 2803 976 2856 ieie
994 2825 1022 2856 re
1036 2802 1146 2856 ’ἐκτίνων
1162 2803 1176 2871 ἢ
1193 2826 1263 2874 yper*

165 2929 169 2937 .
197 2901 210 2965 l
231 2897 319 2964 μάτων
336 2893 480 2963 duoprimas.
515 2897 671 2948 sententiae
693 2897 724 2953 de
748 2897 919 2951 emanatione
943 2897 1015 2962 ignis
1037 2912 1070 2948 ex
1087 2897 1176 2948 oculis
1194 2899 1262 2948 idern
1311 2883 1316 2894 ⁸

230 2996 364 3048 obiecisse
386 3008 445 3044 euru
468 3001 549 3056 puto,
573 2993 641 3057 quod
661 2995 824 3045 Aristoteles
842 2993 873 3044 de
895 3009 977 3046 seusu
996 3009 1019 3044 c.
1037 2997 1056 3044 2
1073 2997 1205 3059 quaesivit
1222 2993 1263 3070 clad

230 3091 259 3137 τί
272 3082 301 3136 οὗ
317 3088 358 3134 καὶ
374 3082 400 3134 ἓν
417 3086 452 3150 τῷ
469 3080 550 3131 σκότει
565 3079 626 3150 ἑώρα
640 3081 670 3132 ἂν
684 3081 697 3148 r}
711 3081 777 3150 ὄψις.
796 3088 831 3136 ci.
842 3088 861 3135 S
871 3091 903 3135 tu
913 3099 958 3136 rc.
977 3086 1146 3149 Empedoclis
1164 3089 1261 3151 fragm.

229 3194 256 3241 p.
278 3177 346 3227 416.
393 3177 459 3225 Nam
490 3179 590 3224 tractat
618 3175 752 3235 Epicurus
781 3181 967 3240 argumentum
995 3177 1067 3227 libro
1093 3178 1183 3227 altero
1209 3179 1260 3226 ad·

228 3283 327 3322 versus
345 3254 555 3331 'theophrastum
573 3282 618 3330 ap.
637 3267 961 3319 tlut.arlv.c⁰1.e.v1l.
996 3269 1066 3317 leem
1085 3259 1175 3330 teng'lt
1191 3265 1261 3329 pani·

229 3363 268 3413 cls
289 3359 430 3412 Lueretius
449 3361 472 3408 ll
488 3357 552 3408 ult.
571 3337 774 3408 {VtidE—sshl.
803 3357 868 3407 Alia
885 3369 953 3408 vere
972 3369 1041 3420 quae
1059 3357 1217 3407 (lassandus
1232 3356 1260 3408 li

229 3449 592 3511 sse-aecanertnpreoro
610 3449 717 3499 obiecta
735 3461 752 3498 a
769 3449 910 3500 macrobio
928 3453 954 3498 et
973 3449 1129 3498 Alexandro
1148 3449 1259 3510 Aphro·
1287 3490 1298 3504 ,,

225 3543 335 3593 dislensi
353 3539 496 3591 Lucretius
513 3538 659 3602 occupavit
681 3539 721 3588 lv
737 3538 908 3588 246-83'7.
925 3539 1082 3588 uid—2⁹3.
1100 3538 1259 3588 293-808.

226 3635 268 3686 Ex
281 3635 372 3687 eodem
385 3629 530 3678 Plutarcho
544 3631 607 3678 adv.
618 3627 710 3678 colet.
726 3640 750 3677 c.
767 3627 793 3676 V
807 3625 982 3690 intelligimus
996 3626 1075 3689 plane
1092 3628 1126 3674 ad
1145 3635 1258 3690 ruentem
1319 3623 1321 3629 ⁴

189 3738 194 3760 ¹
224 3721 336 3786 Epicuri
361 3719 514 3770 hoeretium
539 3717 645 3778 placitis
669 3719 700 3764 rte
723 3714 842 3776 singulis
864 3716 989 3763 sensibus
1012 3721 1039 3764 et
1061 3715 1203 3776 praecipue
1225 3714 1257 3765 de

225 3817 284 3866 visu
309 3811 441 3874 expositis
465 3807 542 3857 varia
571 3807 656 3856 multa
683 3805 741 3855 eius
767 3795 875 3866 generis
901 3803 1023 3866 exempla
1047 3803 1196 3868 adiecisse,
1223 3789 1256 3855 ei

223 3907 319 3972 quibus
342 3888 493 3952 adversarii
515 3909 642 3947 sensuum
667 3895 857 3948 auctoritatem
880 3885 1008 3942 incertior
1026 3899 1055 3942 et
1071 3893 1176 3945 unuani
1195 3906 1253 3948 asse

223 3997 431 4052 contendebant.
448 3995 485 4044 cf.
503 3992 577 4042 tiext.
596 3992 671 4052 Eup.
688 3989 753 4038 nur.
770 3986 827 4050 leg.
845 3984 911 4036 uun.
