2872 4610
391 463 453 514 Alio
470 477 503 514 ex
521 464 576 516 alio
593 465 681 518 reticit
698 472 808 536 natura,
826 481 877 522 nec
895 469 978 522 ullam

391 555 456 605 ilem
474 558 547 620 gigni
566 559 676 624 patitur,
695 560 747 608 nisi
767 570 853 611 morte
871 562 961 613 adiuta
979 564 1079 614 aliena.

188 645 315 710 Natura
342 649 438 730 igitur
466 668 593 731 semper
622 653 650 712 in
674 651 898 716 elementorum
921 661 1134 720 conversione
1156 667 1294 740 generta

191 755 283 816 simui
312 763 344 816 et
373 760 553 838 corrumpit.
610 761 681 820 Alia
714 759 877 844 dissolvit,
908 765 969 824 alia
1001 767 1184 848 coniungit3
1220 767 1295 831 iude

191 861 272 924 aliae
299 881 352 924 res
378 863 568 947 nascuntur,
603 865 684 928 aliae
713 869 893 934 moriuntur.
948 871 1085 936 Accedit
1113 867 1289 957 descriptio

191 971 222 1032 in
244 971 321 1034 libro
343 973 373 1034 li
395 973 529 1038 66—79.

351 1125 421 1176 Nam
438 1133 513 1176 certe
530 1139 583 1176 non
602 1126 673 1178 inter
690 1139 721 1176 se
737 1112 836 1189 stipata
854 1126 983 1176 cohaeret

352 1217 492 1281 Materies,
510 1218 632 1280 quoniam
651 1219 731 1268 minui
750 1233 804 1268 rem
823 1231 957 1280 quamque
977 1217 1106 1282 videmus,

353 1307 389 1357 llt
405 1309 481 1369 quasi
499 1309 645 1372 longinquo
662 1309 752 1373 linere
769 1312 858 1360 omnia
876 1310 1011 1359 cernimus
1029 1322 1109 1372 aevo,

355 1397 397 1446 Ex
416 1400 554 1462 oculisque
573 1403 734 1450 vetustatem
753 1399 901 1451 subducere
920 1401 1034 1459 nostris3

355 1485 443 1552 Quom
461 1497 549 1540 tamen
568 1492 710 1542 incolomis
729 1493 852 1542 rideatur
869 1503 972 1540 summa
990 1501 1107 1554 orauere,

359 1583 515 1645 Propterea,
533 1583 605 1646 quia,
623 1596 691 1644 quae
710 1585 842 1632 decedunt
858 1572 1109 1644 corpora'qnolqne

288 1733 293 1748 .
355 1657 432 1721 Unde
450 1674 561 1736 abeunt,
579 1674 710 1738 minuunt,
729 1687 782 1736 quo
801 1685 912 1736 venere,
931 1673 1055 1736 augmine
1074 1671 1190 1722 diruant:

356 1763 596 1827 miesconem,
615 1771 644 1813 at
661 1765 727 1812 haee
746 1768 843 1814 contra
859 1762 1016 1826 florescere
1033 1766 1145 1826 erigunt.

357 1859 415 1908 Nec
433 1863 601 1906 remorantur
619 1857 668 1906 iol:
685 1857 725 1908 sic
742 1870 830 1906 rerum
848 1870 952 1906 sumina
970 1863 1090 1906 novatur

357 1950 475 2013 Semper,
493 1953 520 1998 et
537 1947 606 1997 inter
622 1961 652 1997 se
668 1947 796 1998 mortales
814 1952 906 1996 mutua
924 1947 1027 1995 vivuat.

354 2015 517 2104 Aaqescunt
535 2035 615 2086 aliae
630 2040 738 2101 pentes,
758 2037 836 2086 eliae
853 2037 1046 2094 minuantur}

357 2132 441 2193 lnqne
460 2130 535 2178 brevi
552 2130 642 2191 spatio
660 2133 797 2179 mutantur
814 2129 888 2178 secla
905 2129 1084 2191 animantum,

313 2271 319 2282 ,
357 2225 402 2289 tlt,
419 2225 496 2286 quasi
513 2237 648 2287 cursores,
664 2223 730 2272 vitai
748 2217 874 2283 lampada
892 2219 1010 2271 tradunt.

275 2353 395 2432 Omnes
417 2354 511 2437 igitur
532 2371 585 2414 res
606 2361 762 2434 perpetuo
784 2353 885 2414 fluunt
911 2360 944 2412 et
973 2351 1149 2411 mortalium
1172 2365 1296 2430 genera

192 2465 342 2540 tanquam
372 2461 415 2521 in'
432 2459 538 2521 orbem
570 2468 744 2542 perpetuae
772 2457 992 2520 conversionis
1025 2462 1295 2541 circumaguntur.

196 2569 272 2650 ipsa
300 2587 378 2629 vero
407 2569 564 2630 elementa
595 2575 626 2628 et
659 2567 849 2628 vicissitudo
885 2568 939 2629 vel
971 2587 1073 2628 rerum
1104 2585 1228 2628 summa
1260 2575 1292 2631 el

113 2661 115 2667 Α
192 2677 386 2741 universitas
409 2676 440 2736 in
457 2653 575 2738 'eadem
596 2694 723 2756 semper
741 2675 919 2739 conditione
941 2675 1112 2744 incolumia
1136 2683 1295 2741 constant.

194 2781 237 2844 ci.
259 2784 290 2842 ll
310 2782 487 2844 ear-crte.
512 2782 594 2843 1072
614 2799 662 2864 sq.
706 2781 774 2844 Sed
798 2784 895 2845 multo
917 2787 1052 2864 gravius
1075 2783 1170 2844 etiam
1193 2801 1296 2866 argu-

192 2897 332 2952 mentum
353 2890 416 2952 hoc
437 2899 487 2952 est
509 2889 736 2952 11570-562.

392 3030 449 3080 Nec
467 3039 594 3091 superare
611 3033 713 3092 queunt
729 3033 820 3082 motus
837 3011 926 3094 ilerde
943 3027 1067 3082 exitiales

357 3119 504 3188 Perpetuo2
519 3131 607 3180 neque
625 3118 651 3168 in
670 3127 811 3170 aeternum
830 3120 946 3180 sepellre
964 3120 1099 3181 salutem

359 3208 417 3256 Nec
434 3221 515 3270 porro
534 3221 624 3258 rerum
643 3210 777 3272 genitales
794 3210 977 3272 auctificeique

361 3301 453 3349 Motus
471 3291 600 3363 perpetuo
618 3311 730 3365 possunt
747 3315 864 3353 servare
881 3307 984 3352 creata.

360 3387 406 3439 Sic
424 3403 508 3453 aequo
527 3391 633 3454 geritur
650 3392 793 3441 certamine
811 3391 1003 3453 principiorum

357 3479 399 3532 lix
417 3481 520 3530 infinito
537 3485 705 3531 contractum
723 3487 845 3543 tenpore
864 3481 975 3530 bellum.

358 3576 436 3635 ltiunc
455 3575 504 3636 liic,
523 3585 594 3622 nunc
611 3572 813 3632 iiliesuperant
831 3572 926 3622 vitalia
943 3582 1042 3635 rerum,

358 3665 393 3713 Et
409 3669 571 3724 superantur
588 3660 668 3711 item:
687 3661 814 3711 miscetur
832 3662 926 3709 iuuere
947 3672 1045 3724 vagor,

357 3753 443 3818 Quem
461 3753 550 3814 puerei
570 3751 680 3815 tollunt,
699 3751 819 3818 visentes
836 3751 945 3801 luminis
963 3765 1042 3812 oras3

357 3837 417 3894 'Nec
434 3856 489 3892 nox
508 3842 563 3890 ulla
581 3841 659 3906 diem,
678 3853 764 3902 neque
782 3846 886 3890 noctem
905 3853 1004 3890 aurrrra
1023 3847 1139 3904 sequuta
1156 3844 1210 3908 est,

359 3931 436 3998 Quae
454 3944 507 3980 non
525 3929 639 3979 audierit
658 3931 756 3979 mixtos
774 3931 908 3994 vagitibus
926 3933 1018 3994 aegris

360 4024 496 4086 Ploratus,
515 4022 608 4071 mortis
626 4021 736 4094 comites
756 4027 783 4070 et
800 4022 900 4072 funeris
917 4022 980 4072 atri.
1072 4039 1075 4044 ¹
1127 4017 1131 4020 ’
