2872 4610
601 253 807 318 -2-30'-

155 437 195 499 .V
213 437 388 501 tra-⁴81.
411 439 496 500 illam
511 459 589 501 voro
602 439 745 520 magistri
762 440 953 501 sententiam
966 437 1136 504 traditurus
1150 435 1259 516 (Βίοις.

163 547 278 627 Χ74)
311 557 424 610 torrarn
456 549 651 611 oiroumdato
681 555 758 611 arira
785 550 980 620 sustentari,
1011 563 1082 606 rom
1111 545 1260 623 expertos

163 657 282 736 nequit,
305 655 366 716 uisi
389 657 458 718 illas
480 665 587 737 portes
606 673 670 717 'sua
692 665 849 736 sporrtoet
865 654 988 736 quidem
1008 653 1048 714 ad
1061 655 1260 712 oonvorrien-

161 767 236 826 tiam
261 755 418 842 quandam
444 764 603 842 paullatim
626 763 769 822 ooivisao
796 775 828 822 ot
860 770 894 822 ut
915 778 1032 841 oorpus
1057 777 1129 821 oum
1157 761 1261 820 aalma

159 870 190 932 in
212 889 307 935 unam
328 880 470 932 naturum
493 871 651 932 coaluisse
671 877 768 949 ponat
791 870 823 930 V
843 867 1021 930 535-565

365 977 412 1028 Sto
430 979 513 1042 igitur
530 979 612 1030 tellus
630 993 684 1030 nou
701 979 861 1030 ortatiano
878 989 994 1044 repente,

299 1135 303 1147 .
367 1069 468 1129 Allata,
486 1075 565 1132 atque
584 1071 682 1120 aureis
701 1071 819 1123 aliunde
837 1071 946 1122 obiecto
965 1071 1106 1130 olienels,·
1182 1133 1185 1138 Ι

366 1162 419 1209 Sed
437 1161 539 1222 pariter
556 1161 643 1222 priora
660 1167 791 1223 concepta
807 1163 840 1210 ab
859 1161 966 1224 origiue
983 1161 1072 1209 mundi

367 1251 499 1314 cartaque
518 1265 580 1312 pars
599 1252 677 1300 eius·
669 1286 678 1314 ,
697 1253 771 1314 quasi
789 1253 868 1304 uobis
886 1255 1001 1304 membra
1022 1254 1153 1301 videntur.

160 1321 282 1412 Eodern
305 1349 433 1412 modo
426 1352 687 1412 inanimantibus
710 1369 826 1413 caussa
850 1361 881 1413 ot
903 1353 1039 1414 conditio
1064 1348 1260 1414 consistendi

159 1461 188 1520 irr
213 1481 250 1521 oo
274 1463 376 1541 posita
405 1469 474 1541 est,
505 1459 588 1542 quod
617 1461 745 1521 divorsa
774 1461 950 1521 mernbra'
942 1480 971 1521 ιιι
1001 1479 1092 1519 tinam
1119 1468 1260 1518 naturam

159 1577 375 1627 convenerunt
396 1575 426 1624 et
449 1569 492 1626 ita
516 1574 665 1644 coaptata
687 1579 780 1648 suut,
808 1577 840 1628 ut
866 1567 934 1627 unis
959 1567 1098 1626 moribus
1120 1585 1260 1626 consen·

159 1675 247 1755 tiaut·
265 1682 296 1732 et
319 1671 451 1732 eundern
475 1681 580 1750 aptum
605 1683 637 1732 et
659 1671 827 1732 iucundum
851 1672 953 1732 oiburn
983 1673 1011 1731 iu
1043 1691 1079 1732 so
1108 1673 1261 1752 recipiant

158 1789 191 1842 et
212 1781 251 1842 ad
275 1780 407 1843 eandam
430 1789 568 1842 aetatem
590 1789 777 1842 accrescant
800 1790 831 1841 et
856 1790 963 1842 mutuo
985 1781 1045 1840 sibi
1067 1781 1183 1852 auxilio
1194 1757 1262 1842 'siut

160 1897 193 1948 et
216 1888 430 1970 perveneris
456 1906 507 1948 res
538 1906 610 1950 oum
640 1890 710 1949 aliis
733 1889 882 1970 coniungi
904 1888 1035 1968 possint.
1081 1889 1262 1950 Animarrtia

161 2012 291 2076 quorum
314 1997 454 2056 membra
477 1997 656 2072 oliertr'peoa
679 2004 711 2056 ot
732 1999 892 2056 discordro
920 1996 999 2056 inter
1030 2013 1067 2055 so
1095 2003 1185 2075 sunt,
1220 1995 1261 2056 ad

160 2109 286 2200 ternpus
309 2120 495 2181 permanere
517 2101 601 2162 nullo
624 2101 717 2162 motio
735 2110 878 2181 possunt.
899 2103 931 2163 V
952 2101 1049 2163 835-
1058 2102 1129 2167 923
1154 2103 1261 2180 Quare

158 2219 254 2288 poota
284 2209 366 2270 idern
395 2211 509 2290 repetit
542 2207 659 2289 quod
653 2231 682 2270 ιιι
714 2211 791 2271 libro
814 2212 844 2289 ll
871 2187 1013 2272 docrevit
1022 2220 1200 2293 ‚portenta
1229 2214 1262 2272 in

158 2313 356 2376 mundooriri
380 2335 439 2375 nou
462 2333 570 2395 posse,
594 2324 626 2376 ot
649 2335 742 2398 quum
765 2332 819 2379 res
842 2335 952 2380 omnes
975 2256 1105 2379 ioo’dere
1126 2329 1258 2379 naturae
1285 2375 1289 2380 .

72 2499 75 2506 Ι
158 2431 245 2512 oerto
268 2421 451 2512 discrimina
472 2443 604 2486 servaro
627 2423 730 2504 dicat,
761 2434 893 2486 naturae
915 2426 1020 2507 legem
1042 2426 1124 2486 illam
1148 2425 1254 2505 raspi-

71 2545 87 2621 J
157 2535 219 2613 cit,
242 2552 302 2616 qua
325 2554 385 2596 uon
410 2539 516 2595 omnia
536 2553 607 2595 oum
631 2535 775 2596 omnibus
797 2535 855 2596 sed
880 2543 955 2614 apta
976 2544 1096 2598 tautum
1123 2544 1156 2597 ot
1178 2554 1260 2596 oon·

157 2659 240 2724 grua
268 2659 340 2703 oum
371 2642 503 2724 singulis
531 2643 708 2724 quibusque
739 2645 979 2724 coniunguntur.
1012 2645 1044 2705 V
1064 2643 1254 2706 ulti-923.

159 2747 281 2809 Eadem
305 2760 409 2810 autom
432 2751 485 2810 lex
513 2749 553 2810 ad
584 2757 684 2811 tolum
711 2750 860 2811 mundum
898 2748 1064 2812 referenda
1094 2761 1152 2811 ost.
1197 2750 1262 2827 Qui

157 2857 191 2916 in
214 2864 302 2916 certo
324 2875 383 2917 suo
409 2867 494 2918 statu
525 2857 565 2918 ad
595 2867 720 2939 ternpus
750 2867 873 2939 roanot,
907 2859 993 2939 quod
1022 2861 1171 2921 contiuuo
1200 2859 1261 2920 sibi

158 2963 382 3023 convenientia
404 2965 606 3024 extrinsecus
627 2966 766 3027 attrahit.
790 2968 820 3027 ll
838 2944 931 3028 Μ.

217 3067 219 3076 '
325 3067 392 3116 Nam
411 3081 461 3116 sua
478 3069 592 3130 quoique
609 3069 679 3119 locis
698 3083 730 3118 ex
749 3073 873 3121 omnibus
890 3071 1087 3134 omniaplagts

323 3161 446 3223 Corpora
465 3161 670 3227 distribuuntur,
689 3167 716 3212 et
733 3166 767 3212 ad
784 3178 836 3214 saa
852 3168 928 3216 secla
945 3167 1097 3218 reoeduuta
1198 3156 1204 3169 “

324 3253 425 3301 Humor
442 3253 475 3300 ad
494 3253 640 3314 humorem,
658 3258 766 3306 terreno
785 3269 900 3318 corporo
917 3264 991 3310 terra
1078 3277 1082 3284 ·

325 3343 439 3408 crescit,
458 3350 485 3398 et
502 3346 590 3414 ignem
609 3346 687 3411 ignes
705 3347 858 3408 procudunt
876 3352 1036 3416 aetheraque
1053 3352 1152 3400 aether.

158 3444 199 3514 ci.
220 3442 472 3508 11999—1002.

242 3549 309 3612 Sari
332 3559 367 3611 ut
390 3549 419 3609 irr
442 3549 519 3612 libro
542 3551 557 3610 Ι
585 3549 749 3612 189-193
771 3551 916 3614 animalia
937 3555 1104 3630 paullatim
1127 3565 1158 3617 ot
1185 3557 1259 3636 qui-

77 3636 80 3645 ¹
156 3654 239 3738 ,deni
254 3676 310 3740 pro
333 3666 421 3720 oorta
442 3666 549 3720 aetate
573 3667 680 3720 certos
709 3677 875 3720 assumere
906 3661 994 3722 cibos
1025 3662 1260 3744 animadvortit,
1337 3685 1340 3692 ¹

155 3765 204 3838 ita
234 3764 265 3828 iu
294 3764 371 3828 libro
403 3765 433 3828 11
461 3763 540 3828 1122
562 3783 630 3848 sqq.
663 3765 811 3844 mundum
840 3765 942 3846 ipsum
974 3765 1050 3826 dicit
1079 3769 1259 3852 auimpliurp

158 3891 248 3940 moro
279 3871 438 3952 paullatim
463 3889 654 3952 ooorascere
676 3881 708 3932 ut
731 3853 856 3952 sempor
878 3882 953 3954 apta
976 3885 1009 3938 et
1032 3889 1178 3958 cognata·
1201 3897 1259 3940 se-

159 3998 230 4042 oum
261 3981 445 4062 coniungat.
489 3979 583 4040 flauo
603 3988 715 4062 ,autom
746 3981 850 4042 mundi
877 3999 949 4044 oum
981 3983 1260 4047 arrimolisuatura
1327 4036 1333 4044 .
