2872 4610
159 1113 329 1217 Quidquid
359 1132 519 1214 estquod
545 1132 585 1196 de
601 1134 755 1205 Lucretio
781 1137 989 1220 interpretes,
1017 1129 1133 1216 quide
1160 1135 1255 1199 lumi-

160 1255 253 1324 nibus
279 1259 396 1342 ingenii
423 1251 494 1321 eius
522 1267 556 1320 et
582 1269 651 1322 arte
678 1267 710 1322 et
734 1261 824 1322 vitiis
849 1262 1084 1342 virtutibusque
1111 1261 1260 1324 carminis

161 1383 383 1465 disputarent,
419 1393 622 1461 meruerunt,
653 1382 699 1449 ad„
719 1385 869 1446 carminis
896 1406 1007 1448 veram
1031 1393 1174 1447 naturam
1201 1404 1262 1447 co-

159 1505 381 1593 gnoscendam
408 1526 517 1587 parum
543 1507 692 1570 attulisse
711 1508 792 1569 ‘mihi
806 1507 932 1589 quidem
950 1509 1099 1573 videntur
1111 1503 1147 1598 ¹).
1177 1511 1261 1571 Nam

159 1618 358 1712 quaestionis
386 1651 466 1694 sane
492 1633 647 1694 lubricum
673 1652 818 1714 campum
846 1633 1007 1716 ingressi,
1035 1653 1132 1715 quum
1158 1653 1262 1714 paene

161 1773 254 1842 omne
285 1757 435 1818 iudicium
469 1757 508 1818 ad
541 1759 643 1837 pulcri
676 1777 808 1820 sensum
841 1767 875 1820 et
907 1758 947 1820 ad
979 1759 1089 1839 poesis
1118 1757 1261 1840 regulaS,

161 1880 274 1959 quibus
293 1899 418 1943 carmen
437 1880 628 1943 didacticum
642 1883 830 1958 continetur,
859 1881 1104 1964 conformarent,
1130 1881 1161 1941 id
1179 1880 1262 1960 quod

161 2005 296 2090 gravius
323 2014 376 2066 est
402 2011 435 2066 et
461 2004 600 2064 maxime
626 2004 860 2086 necessarium,
886 2013 922 2066 ut
947 2005 1095 2087 singulas
1121 2021 1264 2084 quasque

162 2135 278 2208 poetae
313 2128 493 2210 philosophi
520 2129 757 2209 descriptiones
785 2149 825 2190 ex
852 2129 1073 2210 philosophiae
1099 2130 1205 2190 indole
1231 2139 1264 2191 et

158 2264 278 2317 natura
306 2264 339 2316 et
366 2273 408 2315 ex
434 2255 673 2335 comparatione
700 2273 772 2317 cum
786 2257 913 2335 placitis
926 2255 1051 2335 Epicuri
1068 2256 1265 2334 explicarent

157 2389 191 2442 et
220 2379 443 2459 diiudicarent,
460 2399 593 2461 prorsus
609 2381 795 2442 omiserunt.
822 2381 913 2442 Unus
934 2391 1040 2443 tamen
1057 2399 1157 2460 prope
1171 2377 1210 2441 ad
1225 2381 1266 2439 il-
1356 2364 1360 2372 ⁴

117 2563 122 2576 ,
167 2505 228 2570 lam
254 2507 430 2586 inquirendi
454 2510 540 2566 viam
555 2512 710 2590 accessit,
736 2499 984 2592 Ritterus⁹):
1012 2504 1205 2585 quiquidem
1225 2521 1266 2565 ex

168 2631 348 2711 Epicureae
368 2629 530 2692 doctrinae
543 2630 678 2712 ratione,
698 2612 780 2710 duae
797 2630 939 2691 Lucretii
957 2629 1086 2710 propria
1099 2615 1190 2692 esset
1209 2648 1264 2690 ar·

140 2754 369 2837 'gumentandi
397 2761 430 2815 et
456 2752 657 2815 describendi
681 2753 762 2814 ratio
789 2754 820 2814 in
851 2752 1007 2814 nonnullis
1023 2751 1263 2814 definireinsti-

112 2959 117 2972 „
165 2880 238 2942 tuit.
266 2878 335 2940 Sed
360 2877 551 2940 Ritterus
578 2877 720 2939 breviter
747 2885 780 2938 et
805 2876 1008 2957 paucissimis
1027 2875 1265 2938 tantumlinea-

166 3003 284 3065 mentis
311 3002 502 3063 sententiam
529 3020 621 3064 suam
649 3000 873 3082 adumbravit;
907 3018 1010 3079 neque
1044 3020 1087 3062 ex
1122 2999 1268 3084 diligenti

165 3134 198 3189 et
216 3137 369 3190 accurata
382 3125 528 3188 Lucretii
541 3143 613 3188 cum
641 3126 781 3206 Epicuro
809 3131 1044 3207 comparatione
1073 3137 1267 3214 argumenta

165 3252 281 3332 quibus
308 3251 457 3312 iudicium
482 3250 602 3313 certius
629 3251 778 3312 redderet
797 3261 829 3313 et
843 3253 1012 3336 stabiliret,
1040 3254 1183 3335 protulit,
1201 3273 1263 3316 nec

109 3345 111 3356 ¹
163 3375 225 3435 nisi
252 3375 425 3456 perpaucis
459 3377 569 3439 verbis
606 3377 645 3439 de
672 3377 876 3457 llmpedoclis
902 3365 1077 3441 imitatione
1095 3377 1205 3458 factiS,
1232 3377 1271 3440 id

162 3499 249 3582 quod
266 3500 440 3582 praecipue
456 3511 524 3564 erat
542 3503 836 3583 demonstrandum,
852 3523 914 3586 qua
931 3508 986 3566 via
1002 3507 1175 3568 Lucretius
1195 3522 1263 3566 ma·

160 3625 256 3709 gistri
284 3623 459 3687 doctrinam
484 3627 646 3706 auxisset,
672 3627 836 3694 indicavit.

163 3771 449 3787 -ιι-ι-ω-ρ-

180 3875 212 3944 1)
228 3877 297 3927 Vide
315 3863 383 3941 auos
401 3881 480 3930 affert
497 3882 641 3945 Forhiger.
660 3885 692 3933 de
710 3884 743 3934 Τ.
760 3883 880 3935 Lucretii
898 3881 1016 3934 carmine
1034 3896 1059 3944 p.
1080 3882 1091 3930 l
1113 3885 1169 3932 not.
1189 3879 1212 3932 l.
1231 3851 1269 3930 ct.¹

227 3970 378 4022 Eichstadt.
395 3973 480 4032 praet.
498 3977 531 4022 ad
552 3975 658 4024 [rueret.
677 3989 701 4036 p.
719 3975 850 4028 Lxxxx.

177 4061 210 4119 Β)
229 4064 328 4114 (dasch.
345 4062 370 4114 d.
388 4065 488 4114 Philos.
507 4066 547 4117 lv
565 4066 701 4116 sla-10³.

578 4257 758 4352 atet-50
