<?xml version="1.0" encoding="UTF-8"?>
<!DOCTYPE html PUBLIC "-//W3C//DTD XHTML 1.0 Transitional//EN"
    "http://www.w3.org/TR/xhtml1/DTD/xhtml1-transitional.dtd">
<html xmlns="http://www.w3.org/1999/xhtml" xml:lang="en" lang="en">
 <head>
  <title>
</title>
<meta http-equiv="Content-Type" content="text/html;charset=utf-8" />
  <meta name='ocr-system' content='tesseract 3.04.00' />
  <meta name='ocr-capabilities' content='ocr_page ocr_carea ocr_par ocr_line ocrx_word'/>
</head>
<body>
  <div class='ocr_page' id='page_1' title='image "./qvaestioneslvcr00reisgoog_0016.png"; bbox 0 0 2872 4610; ppageno 0'>
   <div class='ocr_carea' id='block_1_1' title="bbox 625 276 811 348">
    <p class='ocr_par' dir='ltr' id='par_1_1' title="bbox 625 276 811 348">
     <span class='ocr_line' id='line_1_1' title="bbox 625 276 811 348; baseline 0 -26"><span class='ocrx_word' id='word_1_1' title='bbox 625 276 811 348; x_wconf 45' lang='grc' dir='ltr'>..ᾗ-Ρ</span> 
     </span>
    </p>
   </div>
   <div class='ocr_carea' id='block_1_2' title="bbox 164 459 1359 1516">
    <p class='ocr_par' dir='ltr' id='par_1_2' title="bbox 164 459 1359 1516">
     <span class='ocr_line' id='line_1_2' title="bbox 169 459 1268 549; baseline -0.002 -25"><span class='ocrx_word' id='word_1_2' title='bbox 169 468 208 532; x_wconf 81' lang='lat' dir='ltr'>et.</span> <span class='ocrx_word' id='word_1_3' title='bbox 223 459 425 543; x_wconf 70' lang='lat' dir='ltr'>diligentiore</span> <span class='ocrx_word' id='word_1_4' title='bbox 449 463 637 546; x_wconf 75' lang='lat' dir='ltr'>queestioue</span> <span class='ocrx_word' id='word_1_5' title='bbox 659 463 701 533; x_wconf 86' lang='lat' dir='ltr'>de</span> <span class='ocrx_word' id='word_1_6' title='bbox 720 463 872 533; x_wconf 73' lang='lat' dir='ltr'>sensibus</span> <span class='ocrx_word' id='word_1_7' title='bbox 894 463 985 546; x_wconf 83' lang='lat' dir='ltr'>copie</span> <span class='ocrx_word' id='word_1_8' title='bbox 1009 461 1166 544; x_wconf 76' lang='lat' dir='ltr'>quaedum</span> <span class='ocrx_word' id='word_1_9' title='bbox 1188 477 1268 549; x_wconf 74' lang='lat' dir='ltr'>gre·</span> 
     </span>
     <span class='ocr_line' id='line_1_3' title="bbox 167 569 1268 654; baseline -0.004 -22"><span class='ocrx_word' id='word_1_10' title='bbox 167 569 371 637; x_wconf 81' lang='lat' dir='ltr'>vissimcrum</span> <span class='ocrx_word' id='word_1_11' title='bbox 393 580 650 653; x_wconf 77' lang='lat' dir='ltr'>argumentorum</span> <span class='ocrx_word' id='word_1_12' title='bbox 670 571 977 654; x_wconf 79' lang='lat' dir='ltr'>uri-descriptionem</span> <span class='ocrx_word' id='word_1_13' title='bbox 1000 571 1171 652; x_wconf 74' lang='lat' dir='ltr'>primorum</span> <span class='ocrx_word' id='word_1_14' title='bbox 1191 586 1268 632; x_wconf 86' lang='lat' dir='ltr'>cor·</span> 
     </span>
     <span class='ocr_line' id='line_1_4' title="bbox 167 647 1269 758; baseline 0 -24"><span class='ocrx_word' id='word_1_15' title='bbox 167 691 282 754; x_wconf 84' lang='lat' dir='ltr'>porum</span> <span class='ocrx_word' id='word_1_16' title='bbox 302 675 472 739; x_wconf 78' lang='lat' dir='ltr'>referende</span> <span class='ocrx_word' id='word_1_17' title='bbox 493 683 554 741; x_wconf 82' lang='lat' dir='ltr'>est.</span> <span class='ocrx_word' id='word_1_18' title='bbox 595 677 631 739; x_wconf 87' lang='lat' dir='ltr'>iu</span> <span class='ocrx_word' id='word_1_19' title='bbox 662 647 846 740; x_wconf 78' lang='lat' dir='ltr'>uuiirersum</span> <span class='ocrx_word' id='word_1_20' title='bbox 875 685 1004 752; x_wconf 78' lang='lat' dir='ltr'>eutem,</span> <span class='ocrx_word' id='word_1_21' title='bbox 1030 675 1059 737; x_wconf 89' lang='lat' dir='ltr'>si</span> <span class='ocrx_word' id='word_1_22' title='bbox 1086 675 1211 758; x_wconf 83' lang='lat' dir='ltr'>singula</span> <span class='ocrx_word' id='word_1_23' title='bbox 1238 673 1269 751; x_wconf 83' lang='lat' dir='ltr'>iu</span> 
     </span>
     <span class='ocr_line' id='line_1_5' title="bbox 169 781 1270 868; baseline -0.005 -21"><span class='ocrx_word' id='word_1_24' title='bbox 169 781 299 864; x_wconf 70' lang='lat' dir='ltr'>Epicuri</span> <span class='ocrx_word' id='word_1_25' title='bbox 318 783 509 865; x_wconf 79' lang='lat' dir='ltr'>compendio</span> <span class='ocrx_word' id='word_1_26' title='bbox 532 783 661 866; x_wconf 83' lang='lat' dir='ltr'>decretu</span> <span class='ocrx_word' id='word_1_27' title='bbox 684 783 724 866; x_wconf 88' lang='lat' dir='ltr'>de</span> <span class='ocrx_word' id='word_1_28' title='bbox 745 784 924 866; x_wconf 81' lang='lat' dir='ltr'>primordiis</span> <span class='ocrx_word' id='word_1_29' title='bbox 952 785 1138 868; x_wconf 77' lang='lat' dir='ltr'>diligentius</span> <span class='ocrx_word' id='word_1_30' title='bbox 1161 781 1270 844; x_wconf 86' lang='lat' dir='ltr'>cousi-</span> 
     </span>
     <span class='ocr_line' id='line_1_6' title="bbox 164 887 1270 976; baseline -0.004 -22"><span class='ocrx_word' id='word_1_31' title='bbox 164 887 331 970; x_wconf 80' lang='lat' dir='ltr'>deremns,</span> <span class='ocrx_word' id='word_1_32' title='bbox 353 889 471 972; x_wconf 84' lang='lat' dir='ltr'>duplex</span> <span class='ocrx_word' id='word_1_33' title='bbox 487 900 746 976; x_wconf 74' lang='lat' dir='ltr'>argumentorum</span> <span class='ocrx_word' id='word_1_34' title='bbox 762 911 868 976; x_wconf 79' lang='lat' dir='ltr'>genus</span> <span class='ocrx_word' id='word_1_35' title='bbox 884 892 1121 974; x_wconf 79' lang='lat' dir='ltr'>cognoscimus.</span> <span class='ocrx_word' id='word_1_36' title='bbox 1165 891 1270 954; x_wconf 88' lang='lat' dir='ltr'>Unum</span> 
     </span>
     <span class='ocr_line' id='line_1_7' title="bbox 167 997 1359 1082; baseline -0.002 -22"><span class='ocrx_word' id='word_1_37' title='bbox 167 997 342 1078; x_wconf 74' lang='lat' dir='ltr'>praecipue</span> <span class='ocrx_word' id='word_1_38' title='bbox 358 1001 600 1082; x_wconf 53' lang='lat' dir='ltr'>meracissime</span> <span class='ocrx_word' id='word_1_39' title='bbox 620 1002 676 1064; x_wconf 87' lang='lat' dir='ltr'>iiie</span> <span class='ocrx_word' id='word_1_40' title='bbox 697 1000 878 1082; x_wconf 82' lang='lat' dir='ltr'>sententis:</span> <span class='ocrx_word' id='word_1_41' title='bbox 910 999 999 1062; x_wconf 87' lang='lat' dir='ltr'>Nihil</span> <span class='ocrx_word' id='word_1_42' title='bbox 1020 1019 1039 1062; x_wconf 87' lang='lat' dir='ltr'>e</span> <span class='ocrx_word' id='word_1_43' title='bbox 1060 998 1174 1079; x_wconf 84' lang='lat' dir='ltr'>nihilo,</span> <span class='ocrx_word' id='word_1_44' title='bbox 1195 997 1273 1058; x_wconf 88' lang='lat' dir='ltr'>nibil</span> <span class='ocrx_word' id='word_1_45' title='bbox 1353 999 1359 1008; x_wconf 94' lang='lat'>&#39;</span> 
     </span>
     <span class='ocr_line' id='line_1_8' title="bbox 168 1104 1271 1190; baseline -0.002 -22"><span class='ocrx_word' id='word_1_46' title='bbox 168 1104 202 1168; x_wconf 85' lang='lat' dir='ltr'>in</span> <span class='ocrx_word' id='word_1_47' title='bbox 215 1105 368 1190; x_wconf 70' lang='lat' dir='ltr'>nibilum,</span> <span class='ocrx_word' id='word_1_48' title='bbox 382 1109 585 1190; x_wconf 78' lang='lat' dir='ltr'>repetendum</span> <span class='ocrx_word' id='word_1_49' title='bbox 601 1119 665 1181; x_wconf 68' lang='lat' dir='ltr'>estu</span> <span class='ocrx_word' id='word_1_50' title='bbox 690 1110 836 1173; x_wconf 79' lang='lat' dir='ltr'>Alterum</span> <span class='ocrx_word' id='word_1_51' title='bbox 849 1109 888 1190; x_wconf 80' lang='lat' dir='ltr'>eb</span> <span class='ocrx_word' id='word_1_52' title='bbox 906 1107 959 1171; x_wconf 92' lang='lat' dir='ltr'>iilo</span> <span class='ocrx_word' id='word_1_53' title='bbox 977 1108 1140 1171; x_wconf 87' lang='lat' dir='ltr'>diversum</span> <span class='ocrx_word' id='word_1_54' title='bbox 1156 1123 1271 1188; x_wconf 79' lang='lat' dir='ltr'>genus,</span> 
     </span>
     <span class='ocr_line' id='line_1_9' title="bbox 170 1213 1271 1298; baseline -0.002 -22"><span class='ocrx_word' id='word_1_55' title='bbox 170 1213 252 1296; x_wconf 83' lang='lat' dir='ltr'>quod</span> <span class='ocrx_word' id='word_1_56' title='bbox 274 1213 417 1280; x_wconf 84' lang='lat' dir='ltr'>doctrine</span> <span class='ocrx_word' id='word_1_57' title='bbox 440 1215 480 1281; x_wconf 85' lang='lat' dir='ltr'>de</span> <span class='ocrx_word' id='word_1_58' title='bbox 501 1217 653 1280; x_wconf 77' lang='lat' dir='ltr'>sensibus</span> <span class='ocrx_word' id='word_1_59' title='bbox 669 1217 788 1297; x_wconf 88' lang='lat' dir='ltr'>nititur,</span> <span class='ocrx_word' id='word_1_60' title='bbox 809 1234 852 1280; x_wconf 87' lang='lat' dir='ltr'>ex</span> <span class='ocrx_word' id='word_1_61' title='bbox 866 1216 946 1298; x_wconf 90' lang='lat' dir='ltr'>ipsis</span> <span class='ocrx_word' id='word_1_62' title='bbox 958 1216 1017 1278; x_wconf 90' lang='lat' dir='ltr'>iilis</span> <span class='ocrx_word' id='word_1_63' title='bbox 1030 1214 1171 1277; x_wconf 76' lang='lat' dir='ltr'>decretis</span> <span class='ocrx_word' id='word_1_64' title='bbox 1188 1233 1271 1295; x_wconf 89' lang='lat' dir='ltr'>quuo</span> 
     </span>
     <span class='ocr_line' id='line_1_10' title="bbox 170 1323 1273 1408; baseline -0.002 -22"><span class='ocrx_word' id='word_1_65' title='bbox 170 1323 316 1404; x_wconf 79' lang='lat' dir='ltr'>proxime</span> <span class='ocrx_word' id='word_1_66' title='bbox 338 1325 590 1407; x_wconf 81' lang='lat' dir='ltr'>subsequuntur:</span> <span class='ocrx_word' id='word_1_67' title='bbox 615 1326 718 1392; x_wconf 85' lang='lat' dir='ltr'>Omne</span> <span class='ocrx_word' id='word_1_68' title='bbox 741 1343 858 1408; x_wconf 88' lang='lat' dir='ltr'>corpus</span> <span class='ocrx_word' id='word_1_69' title='bbox 879 1343 956 1388; x_wconf 89' lang='lat' dir='ltr'>esse</span> <span class='ocrx_word' id='word_1_70' title='bbox 971 1333 1010 1405; x_wconf 19' lang='lat' dir='ltr'>,et</span> <span class='ocrx_word' id='word_1_71' title='bbox 1034 1327 1161 1405; x_wconf 79' lang='lat' dir='ltr'>praeter</span> <span class='ocrx_word' id='word_1_72' title='bbox 1179 1323 1273 1401; x_wconf 78' lang='lat' dir='ltr'>incure</span> 
     </span>
     <span class='ocr_line' id='line_1_11' title="bbox 171 1432 1271 1516; baseline -0.001 -24"><span class='ocrx_word' id='word_1_73' title='bbox 171 1439 205 1500; x_wconf 86' lang='lat' dir='ltr'>et</span> <span class='ocrx_word' id='word_1_74' title='bbox 227 1447 343 1512; x_wconf 91' lang='lat' dir='ltr'>corpus</span> <span class='ocrx_word' id='word_1_75' title='bbox 363 1432 439 1499; x_wconf 87' lang='lat' dir='ltr'>uibii</span> <span class='ocrx_word' id='word_1_76' title='bbox 461 1433 546 1515; x_wconf 89' lang='lat' dir='ltr'>quod</span> <span class='ocrx_word' id='word_1_77' title='bbox 568 1451 683 1515; x_wconf 89' lang='lat' dir='ltr'>perse</span> <span class='ocrx_word' id='word_1_78' title='bbox 707 1442 835 1497; x_wconf 87' lang='lat' dir='ltr'>constet</span> <span class='ocrx_word' id='word_1_79' title='bbox 855 1433 990 1516; x_wconf 80' lang='lat' dir='ltr'>eogitari</span> <span class='ocrx_word' id='word_1_80' title='bbox 1012 1449 1133 1516; x_wconf 89' lang='lat' dir='ltr'>posse,</span> <span class='ocrx_word' id='word_1_81' title='bbox 1152 1432 1271 1495; x_wconf 88' lang='lat' dir='ltr'>inteili-</span> 
     </span>
    </p>
   </div>
   <div class='ocr_carea' id='block_1_3' title="bbox 132 1543 1308 4116">
    <p class='ocr_par' dir='ltr' id='par_1_3' title="bbox 132 1543 1308 4116">
     <span class='ocr_line' id='line_1_12' title="bbox 171 1543 1268 1639; baseline 0.013 -34"><span class='ocrx_word' id='word_1_82' title='bbox 171 1553 251 1626; x_wconf 78' lang='lat' dir='ltr'>&#39;gere</span> <span class='ocrx_word' id='word_1_83' title='bbox 273 1543 347 1609; x_wconf 89' lang='lat' dir='ltr'>mibi</span> <span class='ocrx_word' id='word_1_84' title='bbox 368 1545 490 1612; x_wconf 83' lang='lat' dir='ltr'>videor.</span> <span class='ocrx_word' id='word_1_85' title='bbox 512 1549 607 1631; x_wconf 81' lang='lat' dir='ltr'>Dicg.</span> <span class='ocrx_word' id='word_1_86' title='bbox 630 1549 663 1612; x_wconf 89' lang='lat' dir='ltr'>X</span> <span class='ocrx_word' id='word_1_87' title='bbox 683 1547 734 1613; x_wconf 78' lang='grc'>39.</span> <span class='ocrx_word' id='word_1_88' title='bbox 827 1627 831 1639; x_wconf 88' lang='lat'>.</span> <span class='ocrx_word' id='word_1_89' title='bbox 1264 1625 1268 1636; x_wconf 66' lang='lat'>,</span> 
     </span>
     <span class='ocr_line' id='line_1_13' title="bbox 173 1651 1271 1737; baseline 0.006 -25"><span class='ocrx_word' id='word_1_90' title='bbox 173 1697 178 1706; x_wconf 81' lang='grc'>.</span> <span class='ocrx_word' id='word_1_91' title='bbox 261 1651 309 1714; x_wconf 81' lang='lat' dir='ltr'>iic</span> <span class='ocrx_word' id='word_1_92' title='bbox 330 1669 395 1734; x_wconf 85' lang='lat' dir='ltr'>qno</span> <span class='ocrx_word' id='word_1_93' title='bbox 415 1655 593 1734; x_wconf 86' lang='lat' dir='ltr'>posteriorc</span> <span class='ocrx_word' id='word_1_94' title='bbox 614 1675 736 1737; x_wconf 83' lang='lat' dir='ltr'>genere</span> <span class='ocrx_word' id='word_1_95' title='bbox 758 1657 821 1723; x_wconf 83' lang='lat' dir='ltr'>ium</span> <span class='ocrx_word' id='word_1_96' title='bbox 843 1657 992 1721; x_wconf 84' lang='lat' dir='ltr'>nonnullo</span> <span class='ocrx_word' id='word_1_97' title='bbox 1007 1655 1172 1720; x_wconf 70' lang='lat' dir='ltr'>efferendo</span> <span class='ocrx_word' id='word_1_98' title='bbox 1187 1663 1271 1726; x_wconf 76' lang='lat' dir='ltr'>suunt.</span> 
     </span>
     <span class='ocr_line' id='line_1_14' title="bbox 171 1759 1272 1850; baseline 0.005 -28"><span class='ocrx_word' id='word_1_99' title='bbox 171 1759 331 1841; x_wconf 70' lang='lat' dir='ltr'>Epicurus</span> <span class='ocrx_word' id='word_1_100' title='bbox 354 1781 468 1844; x_wconf 91' lang='lat' dir='ltr'>corpus</span> <span class='ocrx_word' id='word_1_101' title='bbox 489 1764 522 1826; x_wconf 87' lang='lat' dir='ltr'>id</span> <span class='ocrx_word' id='word_1_102' title='bbox 545 1775 621 1834; x_wconf 79' lang='lat' dir='ltr'>esse</span> <span class='ocrx_word' id='word_1_103' title='bbox 641 1764 762 1848; x_wconf 84' lang='lat' dir='ltr'>definit,</span> <span class='ocrx_word' id='word_1_104' title='bbox 785 1767 868 1849; x_wconf 79' lang='lat' dir='ltr'>quod</span> <span class='ocrx_word' id='word_1_105' title='bbox 890 1767 1062 1850; x_wconf 74' lang='lat' dir='ltr'>agerensi</span> <span class='ocrx_word' id='word_1_106' title='bbox 1086 1764 1218 1829; x_wconf 86' lang='lat' dir='ltr'>riflcere</span> <span class='ocrx_word' id='word_1_107' title='bbox 1240 1774 1272 1834; x_wconf 83' lang='lat' dir='ltr'>et</span> 
     </span>
     <span class='ocr_line' id='line_1_15' title="bbox 169 1861 1273 1956; baseline 0.002 -24"><span class='ocrx_word' id='word_1_108' title='bbox 169 1872 244 1950; x_wconf 70' lang='lat' dir='ltr'>pati</span> <span class='ocrx_word' id='word_1_109' title='bbox 269 1871 324 1934; x_wconf 86' lang='lat' dir='ltr'>vei</span> <span class='ocrx_word' id='word_1_110' title='bbox 351 1871 439 1943; x_wconf 71' lang='lat' dir='ltr'>offici</span> <span class='ocrx_word' id='word_1_111' title='bbox 471 1872 574 1952; x_wconf 85' lang='lat' dir='ltr'>possit</span> <span class='ocrx_word' id='word_1_112' title='bbox 597 1871 723 1953; x_wconf 78' lang='grc' dir='ltr'><strong><em>[ποιεῖν</em></strong></span> <span class='ocrx_word' id='word_1_113' title='bbox 744 1868 799 1940; x_wconf 79' lang='grc' dir='ltr'>καὶ</span> <span class='ocrx_word' id='word_1_114' title='bbox 821 1861 998 1956; x_wconf 60' lang='lat' dir='ltr'>adorsum,</span> <span class='ocrx_word' id='word_1_115' title='bbox 1029 1872 1189 1956; x_wconf 87' lang='lat' dir='ltr'>quidquid</span> <span class='ocrx_word' id='word_1_116' title='bbox 1210 1891 1273 1934; x_wconf 89' lang='lat' dir='ltr'>nou</span> 
     </span>
     <span class='ocr_line' id='line_1_16' title="bbox 171 1968 1273 2064; baseline 0.003 -24"><span class='ocrx_word' id='word_1_117' title='bbox 171 1977 288 2058; x_wconf 80' lang='lat' dir='ltr'>possit,</span> <span class='ocrx_word' id='word_1_118' title='bbox 308 1979 526 2060; x_wconf 86' lang='lat' dir='ltr'>incorporeum</span> <span class='ocrx_word' id='word_1_119' title='bbox 544 1968 755 2062; x_wconf 68' lang='grc' dir='ltr'><strong><em>[ἀσώματον]</em></strong></span> <span class='ocrx_word' id='word_1_120' title='bbox 771 1981 867 2064; x_wconf 87' lang='lat' dir='ltr'>idque</span> <span class='ocrx_word' id='word_1_121' title='bbox 878 2001 975 2049; x_wconf 62' lang='lat' dir='ltr'>‘mum</span> <span class='ocrx_word' id='word_1_122' title='bbox 992 1984 1085 2047; x_wconf 81' lang='lat' dir='ltr'>inerte</span> <span class='ocrx_word' id='word_1_123' title='bbox 1100 1999 1177 2052; x_wconf 88' lang='lat' dir='ltr'>csse</span> <span class='ocrx_word' id='word_1_124' title='bbox 1188 1980 1273 2050; x_wconf 87' lang='lat' dir='ltr'>dicit.</span> 
     </span>
     <span class='ocr_line' id='line_1_17' title="bbox 172 2076 1272 2171; baseline 0.005 -27"><span class='ocrx_word' id='word_1_125' title='bbox 172 2081 274 2166; x_wconf 78' lang='lat' dir='ltr'>Diog.:</span> <span class='ocrx_word' id='word_1_126' title='bbox 290 2085 323 2146; x_wconf 82' lang='grc' dir='ltr'><strong>Χ</strong></span> <span class='ocrx_word' id='word_1_127' title='bbox 343 2085 394 2148; x_wconf 83' lang='grc'>67.</span> <span class='ocrx_word' id='word_1_128' title='bbox 448 2088 517 2150; x_wconf 84' lang='lat' dir='ltr'>ium</span> <span class='ocrx_word' id='word_1_129' title='bbox 544 2090 575 2150; x_wconf 89' lang='lat' dir='ltr'>si</span> <span class='ocrx_word' id='word_1_130' title='bbox 603 2105 707 2169; x_wconf 79' lang='lat' dir='ltr'>peuce</span> <span class='ocrx_word' id='word_1_131' title='bbox 735 2089 837 2153; x_wconf 83' lang='lat' dir='ltr'>verbo</span> <span class='ocrx_word' id='word_1_132' title='bbox 864 2108 948 2171; x_wconf 80' lang='lat' dir='ltr'>quse</span> <span class='ocrx_word' id='word_1_133' title='bbox 975 2087 1105 2151; x_wconf 90' lang='lat' dir='ltr'>decreto</span> <span class='ocrx_word' id='word_1_134' title='bbox 1137 2076 1177 2150; x_wconf 77' lang='grc' dir='ltr'>τὰ</span> <span class='ocrx_word' id='word_1_135' title='bbox 1205 2083 1272 2150; x_wconf 79' lang='grc' dir='ltr'>πᾶν</span> 
     </span>
     <span class='ocr_line' id='line_1_18' title="bbox 169 2177 1272 2280; baseline 0.003 -27"><span class='ocrx_word' id='word_1_136' title='bbox 169 2177 244 2253; x_wconf 55' lang='grc' dir='ltr'>ἐστι</span> <span class='ocrx_word' id='word_1_137' title='bbox 256 2185 367 2270; x_wconf 56' lang='grc' dir='ltr'>πῶμα,</span> <span class='ocrx_word' id='word_1_138' title='bbox 379 2191 506 2258; x_wconf 73' lang='lat' dir='ltr'>odiens</span> <span class='ocrx_word' id='word_1_139' title='bbox 526 2202 602 2259; x_wconf 81' lang='lat' dir='ltr'>sunt</span> <span class='ocrx_word' id='word_1_140' title='bbox 623 2203 825 2276; x_wconf 69' lang='lat' dir='ltr'>reputemusz</span> <span class='ocrx_word' id='word_1_141' title='bbox 846 2183 888 2256; x_wconf 79' lang='lat' dir='ltr'>soi</span> <span class='ocrx_word' id='word_1_142' title='bbox 908 2189 968 2274; x_wconf 73' lang='grc' dir='ltr'>μὲν</span> <span class='ocrx_word' id='word_1_143' title='bbox 988 2184 1050 2280; x_wconf 71' lang='grc' dir='ltr'>γάρ</span> <span class='ocrx_word' id='word_1_144' title='bbox 1070 2180 1206 2274; x_wconf 82' lang='grc' dir='ltr'><em>σώματα</em></span> <span class='ocrx_word' id='word_1_145' title='bbox 1226 2185 1272 2268; x_wconf 75' lang='grc' dir='ltr'>ὠς</span> 
     </span>
     <span class='ocr_line' id='line_1_19' title="bbox 172 2286 1273 2389; baseline 0.005 -31"><span class='ocrx_word' id='word_1_146' title='bbox 172 2286 269 2375; x_wconf 71' lang='grc' dir='ltr'><strong><em>ἔστιν,</em></strong></span> <span class='ocrx_word' id='word_1_147' title='bbox 289 2287 372 2385; x_wconf 71' lang='grc' dir='ltr'>αὐτῇ</span> <span class='ocrx_word' id='word_1_148' title='bbox 391 2289 413 2382; x_wconf 81' lang='grc' dir='ltr'><em>ἠ</em></span> <span class='ocrx_word' id='word_1_149' title='bbox 433 2299 592 2384; x_wconf 50' lang='grc' dir='ltr'>αἴσθησις</span> <span class='ocrx_word' id='word_1_150' title='bbox 613 2297 670 2364; x_wconf 77' lang='grc' dir='ltr'>ἐπὶ</span> <span class='ocrx_word' id='word_1_151' title='bbox 691 2289 822 2365; x_wconf 75' lang='grc' dir='ltr'><em>πάντων</em></span> <span class='ocrx_word' id='word_1_152' title='bbox 841 2303 1012 2389; x_wconf 74' lang='grc' dir='ltr'><em>μαρτυρεῖ,</em></span> <span class='ocrx_word' id='word_1_153' title='bbox 1033 2301 1112 2365; x_wconf 70' lang='grc' dir='ltr'>καθ’</span> <span class='ocrx_word' id='word_1_154' title='bbox 1125 2290 1162 2388; x_wconf 76' lang='grc' dir='ltr'>ἢν</span> <span class='ocrx_word' id='word_1_155' title='bbox 1175 2292 1273 2383; x_wconf 81' lang='lat' dir='ltr'>oivuy-</span> 
     </span>
     <span class='ocr_line' id='line_1_20' title="bbox 173 2393 1271 2492; baseline 0.007 -30"><span class='ocrx_word' id='word_1_156' title='bbox 173 2401 265 2464; x_wconf 70' lang='grc' dir='ltr'><strong><em>καῖον</em></strong></span> <span class='ocrx_word' id='word_1_157' title='bbox 285 2393 324 2466; x_wconf 79' lang='lat' dir='ltr'>od</span> <span class='ocrx_word' id='word_1_158' title='bbox 345 2395 466 2490; x_wconf 72' lang='grc' dir='ltr'><strong><em>ἄδηλον</em></strong></span> <span class='ocrx_word' id='word_1_159' title='bbox 486 2403 536 2488; x_wconf 78' lang='grc' dir='ltr'>τῴ</span> <span class='ocrx_word' id='word_1_160' title='bbox 554 2403 700 2490; x_wconf 64' lang='grc' dir='ltr'><em>λογισμῷ</em></span> <span class='ocrx_word' id='word_1_161' title='bbox 724 2403 983 2492; x_wconf 73' lang='grc' dir='ltr'><strong><em>τεκμαίρεσθαι,</em></strong></span> <span class='ocrx_word' id='word_1_162' title='bbox 1011 2407 1042 2470; x_wconf 91' lang='lat' dir='ltr'>id</span> <span class='ocrx_word' id='word_1_163' title='bbox 1072 2409 1271 2490; x_wconf 84' lang='lat' dir='ltr'>potissimum</span> 
     </span>
     <span class='ocr_line' id='line_1_21' title="bbox 173 2509 1272 2604; baseline 0.002 -32"><span class='ocrx_word' id='word_1_164' title='bbox 173 2528 213 2604; x_wconf 81' lang='lat' dir='ltr'>ea</span> <span class='ocrx_word' id='word_1_165' title='bbox 234 2509 374 2596; x_wconf 83' lang='lat' dir='ltr'>indicere</span> <span class='ocrx_word' id='word_1_166' title='bbox 387 2521 531 2594; x_wconf 78' lang='lat' dir='ltr'>apparet,</span> <span class='ocrx_word' id='word_1_167' title='bbox 554 2513 693 2596; x_wconf 86' lang='lat' dir='ltr'>inprimis</span> <span class='ocrx_word' id='word_1_168' title='bbox 716 2535 756 2576; x_wconf 85' lang='lat' dir='ltr'>ex</span> <span class='ocrx_word' id='word_1_169' title='bbox 779 2519 827 2576; x_wconf 88' lang='lat' dir='ltr'>eis</span> <span class='ocrx_word' id='word_1_170' title='bbox 849 2516 956 2595; x_wconf 89' lang='lat' dir='ltr'>rebus,</span> <span class='ocrx_word' id='word_1_171' title='bbox 980 2534 1062 2598; x_wconf 81' lang='lat' dir='ltr'>queo</span> <span class='ocrx_word' id='word_1_172' title='bbox 1083 2514 1186 2576; x_wconf 90' lang='lat' dir='ltr'>oouiis</span> <span class='ocrx_word' id='word_1_173' title='bbox 1208 2531 1272 2574; x_wconf 91' lang='lat' dir='ltr'>uon</span> 
     </span>
     <span class='ocr_line' id='line_1_22' title="bbox 173 2601 1274 2706; baseline 0.003 -25"><span class='ocrx_word' id='word_1_174' title='bbox 173 2601 344 2696; x_wconf 71' lang='lat' dir='ltr'>cernuntur</span> <span class='ocrx_word' id='word_1_175' title='bbox 367 2629 399 2682; x_wconf 91' lang='lat' dir='ltr'>et</span> <span class='ocrx_word' id='word_1_176' title='bbox 422 2622 571 2684; x_wconf 85' lang='lat' dir='ltr'>occuitus</span> <span class='ocrx_word' id='word_1_177' title='bbox 591 2633 694 2706; x_wconf 87' lang='lat' dir='ltr'>sunt,</span> <span class='ocrx_word' id='word_1_178' title='bbox 719 2643 811 2686; x_wconf 89' lang='lat' dir='ltr'>omne</span> <span class='ocrx_word' id='word_1_179' title='bbox 833 2642 947 2704; x_wconf 86' lang='lat' dir='ltr'>corpus</span> <span class='ocrx_word' id='word_1_180' title='bbox 969 2641 1044 2701; x_wconf 85' lang='lat' dir='ltr'>esse</span> <span class='ocrx_word' id='word_1_181' title='bbox 1067 2619 1274 2701; x_wconf 71' lang='lat' dir='ltr'>comprobare</span> 
     </span>
     <span class='ocr_line' id='line_1_23' title="bbox 173 2725 1271 2810; baseline 0 -22"><span class='ocrx_word' id='word_1_182' title='bbox 173 2725 347 2806; x_wconf 66' lang='lat' dir='ltr'>Epicurum</span> <span class='ocrx_word' id='word_1_183' title='bbox 363 2728 524 2793; x_wconf 77' lang='lat' dir='ltr'>¹uoluisse.</span> <span class='ocrx_word' id='word_1_184' title='bbox 567 2729 667 2794; x_wconf 87' lang='lat' dir='ltr'>Cuius</span> <span class='ocrx_word' id='word_1_185' title='bbox 688 2733 819 2794; x_wconf 78' lang='lat' dir='ltr'>rationis</span> <span class='ocrx_word' id='word_1_186' title='bbox 836 2734 924 2796; x_wconf 83' lang='lat' dir='ltr'>veris</span> <span class='ocrx_word' id='word_1_187' title='bbox 938 2729 1084 2810; x_wconf 84' lang='lat' dir='ltr'>exemplu</span> <span class='ocrx_word' id='word_1_188' title='bbox 1102 2729 1271 2790; x_wconf 84' lang='lat' dir='ltr'>Lucretius</span> 
     </span>
     <span class='ocr_line' id='line_1_24' title="bbox 173 2836 1272 2922; baseline -0.002 -24"><span class='ocrx_word' id='word_1_189' title='bbox 173 2836 320 2916; x_wconf 71' lang='lat' dir='ltr'>proponit,</span> <span class='ocrx_word' id='word_1_190' title='bbox 341 2839 356 2898; x_wconf 89' lang='grc' dir='ltr'>Ι</span> <span class='ocrx_word' id='word_1_191' title='bbox 377 2837 555 2902; x_wconf 71' lang='lat' dir='ltr'>sus-³30.</span> <span class='ocrx_word' id='word_1_192' title='bbox 598 2839 666 2903; x_wconf 89' lang='lat' dir='ltr'>Sed</span> <span class='ocrx_word' id='word_1_193' title='bbox 694 2849 822 2922; x_wconf 92' lang='lat' dir='ltr'>propter</span> <span class='ocrx_word' id='word_1_194' title='bbox 850 2840 971 2904; x_wconf 87' lang='lat' dir='ltr'>decreti</span> <span class='ocrx_word' id='word_1_195' title='bbox 997 2839 1190 2918; x_wconf 82' lang='lat' dir='ltr'>gravitatem</span> <span class='ocrx_word' id='word_1_196' title='bbox 1212 2855 1272 2897; x_wconf 83' lang='lat' dir='ltr'>su·</span> 
     </span>
     <span class='ocr_line' id='line_1_25' title="bbox 173 2945 1273 3031; baseline -0.002 -23"><span class='ocrx_word' id='word_1_197' title='bbox 173 2947 290 3028; x_wconf 69' lang='lat' dir='ltr'>spicu‘ri</span> <span class='ocrx_word' id='word_1_198' title='bbox 320 2964 420 3030; x_wconf 86' lang='lat' dir='ltr'>posse</span> <span class='ocrx_word' id='word_1_199' title='bbox 449 2949 525 3012; x_wconf 91' lang='lat' dir='ltr'>mihi</span> <span class='ocrx_word' id='word_1_200' title='bbox 547 2949 661 3012; x_wconf 87' lang='lat' dir='ltr'>videor</span> <span class='ocrx_word' id='word_1_201' title='bbox 688 2950 861 3031; x_wconf 73' lang='lat' dir='ltr'>Epicurum</span> <span class='ocrx_word' id='word_1_202' title='bbox 877 2957 1078 3029; x_wconf 18' lang='lat' dir='ltr'>,urgrrmente</span> <span class='ocrx_word' id='word_1_203' title='bbox 1107 2945 1273 3028; x_wconf 83' lang='lat' dir='ltr'>potissime</span> 
     </span>
     <span class='ocr_line' id='line_1_26' title="bbox 176 3041 1273 3138; baseline -0.002 -24"><span class='ocrx_word' id='word_1_204' title='bbox 176 3053 217 3114; x_wconf 80' lang='lat' dir='ltr'>ab</span> <span class='ocrx_word' id='word_1_205' title='bbox 238 3053 317 3134; x_wconf 88' lang='lat' dir='ltr'>ipsis</span> <span class='ocrx_word' id='word_1_206' title='bbox 340 3056 490 3119; x_wconf 86' lang='lat' dir='ltr'>sensibus</span> <span class='ocrx_word' id='word_1_207' title='bbox 512 3059 611 3138; x_wconf 85' lang='lat' dir='ltr'>petitu</span> <span class='ocrx_word' id='word_1_208' title='bbox 633 3056 829 3137; x_wconf 80' lang='lat' dir='ltr'>exhibuisse,</span> <span class='ocrx_word' id='word_1_209' title='bbox 850 3064 888 3136; x_wconf 85' lang='lat' dir='ltr'>et</span> <span class='ocrx_word' id='word_1_210' title='bbox 909 3041 944 3117; x_wconf 85' lang='lat' dir='ltr'>ut</span> <span class='ocrx_word' id='word_1_211' title='bbox 958 3053 1166 3117; x_wconf 82' lang='lat' dir='ltr'>confidentius</span> <span class='ocrx_word' id='word_1_212' title='bbox 1180 3071 1273 3114; x_wconf 86' lang='lat' dir='ltr'>omne</span> 
     </span>
     <span class='ocr_line' id='line_1_27' title="bbox 175 3137 1272 3244; baseline -0.004 -25"><span class='ocrx_word' id='word_1_213' title='bbox 175 3158 259 3239; x_wconf 89' lang='lat' dir='ltr'>quod</span> <span class='ocrx_word' id='word_1_214' title='bbox 289 3177 386 3224; x_wconf 89' lang='lat' dir='ltr'>seusu</span> <span class='ocrx_word' id='word_1_215' title='bbox 416 3170 448 3223; x_wconf 90' lang='lat' dir='ltr'>et</span> <span class='ocrx_word' id='word_1_216' title='bbox 476 3172 582 3224; x_wconf 91' lang='lat' dir='ltr'>mente</span> <span class='ocrx_word' id='word_1_217' title='bbox 607 3137 797 3244; x_wconf 82' lang='lat' dir='ltr'>perceptum</span> <span class='ocrx_word' id='word_1_218' title='bbox 825 3171 914 3222; x_wconf 88' lang='lat' dir='ltr'>esset</span> <span class='ocrx_word' id='word_1_219' title='bbox 941 3168 973 3222; x_wconf 89' lang='lat' dir='ltr'>et</span> <span class='ocrx_word' id='word_1_220' title='bbox 1002 3177 1078 3220; x_wconf 90' lang='lat' dir='ltr'>esse</span> <span class='ocrx_word' id='word_1_221' title='bbox 1103 3157 1272 3236; x_wconf 79' lang='lat' dir='ltr'>diceretur,</span> 
     </span>
     <span class='ocr_line' id='line_1_28' title="bbox 171 3263 1272 3352; baseline -0.004 -24"><span class='ocrx_word' id='word_1_222' title='bbox 171 3284 288 3352; x_wconf 75' lang='lat' dir='ltr'>revers</span> <span class='ocrx_word' id='word_1_223' title='bbox 311 3285 428 3350; x_wconf 80' lang='lat' dir='ltr'>corpus</span> <span class='ocrx_word' id='word_1_224' title='bbox 447 3287 522 3333; x_wconf 89' lang='lat' dir='ltr'>esse</span> <span class='ocrx_word' id='word_1_225' title='bbox 539 3269 732 3335; x_wconf 84' lang='lat' dir='ltr'>contendere</span> <span class='ocrx_word' id='word_1_226' title='bbox 748 3270 868 3350; x_wconf 85' lang='lat' dir='ltr'>liceret,</span> <span class='ocrx_word' id='word_1_227' title='bbox 891 3269 1057 3330; x_wconf 81' lang='lat' dir='ltr'>veritatem</span> <span class='ocrx_word' id='word_1_228' title='bbox 1080 3263 1272 3327; x_wconf 79' lang='lat' dir='ltr'>simulacro-</span> 
     </span>
     <span class='ocr_line' id='line_1_29' title="bbox 173 3373 1270 3460; baseline -0.007 -22"><span class='ocrx_word' id='word_1_229' title='bbox 173 3392 244 3440; x_wconf 85' lang='lat' dir='ltr'>rum</span> <span class='ocrx_word' id='word_1_230' title='bbox 271 3373 460 3443; x_wconf 77' lang='lat' dir='ltr'>cueflrmsre</span> <span class='ocrx_word' id='word_1_231' title='bbox 480 3376 651 3443; x_wconf 83' lang='lat' dir='ltr'>studuisse.</span> <span class='ocrx_word' id='word_1_232' title='bbox 696 3376 789 3456; x_wconf 84' lang='lat' dir='ltr'>Quue</span> <span class='ocrx_word' id='word_1_233' title='bbox 811 3376 952 3457; x_wconf 88' lang='lat' dir='ltr'>suspicio</span> <span class='ocrx_word' id='word_1_234' title='bbox 974 3374 1144 3460; x_wconf 85' lang='lat' dir='ltr'>praecipue</span> <span class='ocrx_word' id='word_1_235' title='bbox 1166 3390 1270 3453; x_wconf 82' lang='lat' dir='ltr'>euge·</span> 
     </span>
     <span class='ocr_line' id='line_1_30' title="bbox 173 3476 1274 3565; baseline -0.005 -24"><span class='ocrx_word' id='word_1_236' title='bbox 173 3487 224 3542; x_wconf 88' lang='lat' dir='ltr'>tur</span> <span class='ocrx_word' id='word_1_237' title='bbox 244 3497 284 3542; x_wconf 92' lang='lat' dir='ltr'>eo</span> <span class='ocrx_word' id='word_1_238' title='bbox 307 3483 392 3563; x_wconf 82' lang='lat' dir='ltr'>quod</span> <span class='ocrx_word' id='word_1_239' title='bbox 413 3483 570 3565; x_wconf 77' lang='lat' dir='ltr'>bipiourus</span> <span class='ocrx_word' id='word_1_240' title='bbox 592 3483 664 3564; x_wconf 87' lang='lat' dir='ltr'>ipso</span> <span class='ocrx_word' id='word_1_241' title='bbox 681 3483 829 3546; x_wconf 81' lang='lat' dir='ltr'>secundo</span> <span class='ocrx_word' id='word_1_242' title='bbox 850 3482 978 3545; x_wconf 76' lang='lat' dir='ltr'>maioris</span> <span class='ocrx_word' id='word_1_243' title='bbox 997 3480 1051 3542; x_wconf 89' lang='lat' dir='ltr'>sui</span> <span class='ocrx_word' id='word_1_244' title='bbox 1072 3479 1178 3560; x_wconf 89' lang='lat' dir='ltr'>operis</span> <span class='ocrx_word' id='word_1_245' title='bbox 1195 3476 1274 3538; x_wconf 88' lang='lat' dir='ltr'>libro</span> 
     </span>
     <span class='ocr_line' id='line_1_31' title="bbox 174 3585 1269 3670; baseline -0.004 -20"><span class='ocrx_word' id='word_1_246' title='bbox 174 3585 350 3652; x_wconf 80' lang='lat' dir='ltr'>doctrinam</span> <span class='ocrx_word' id='word_1_247' title='bbox 373 3589 539 3652; x_wconf 82' lang='lat' dir='ltr'>derorum</span> <span class='ocrx_word' id='word_1_248' title='bbox 568 3593 748 3654; x_wconf 72' lang='lat' dir='ltr'>simulacris</span> <span class='ocrx_word' id='word_1_249' title='bbox 781 3590 907 3654; x_wconf 47' lang='lat' dir='ltr'>docere*</span> <span class='ocrx_word' id='word_1_250' title='bbox 933 3589 1085 3670; x_wconf 86' lang='lat' dir='ltr'>instituit,</span> <span class='ocrx_word' id='word_1_251' title='bbox 1112 3585 1269 3666; x_wconf 88' lang='lat' dir='ltr'>idemque,</span> 
     </span>
     <span class='ocr_line' id='line_1_32' title="bbox 132 3696 1308 3782; baseline -0.002 -24"><span class='ocrx_word' id='word_1_252' title='bbox 132 3705 134 3714; x_wconf 82' lang='grc'>’</span> <span class='ocrx_word' id='word_1_253' title='bbox 175 3706 210 3760; x_wconf 90' lang='lat' dir='ltr'>ut</span> <span class='ocrx_word' id='word_1_254' title='bbox 230 3697 397 3782; x_wconf 85' lang='lat' dir='ltr'>Diogenes</span> <span class='ocrx_word' id='word_1_255' title='bbox 419 3697 554 3781; x_wconf 82' lang='lat' dir='ltr'>quidem</span> <span class='ocrx_word' id='word_1_256' title='bbox 577 3697 617 3762; x_wconf 90' lang='lat' dir='ltr'>de</span> <span class='ocrx_word' id='word_1_257' title='bbox 644 3717 705 3763; x_wconf 81' lang='lat' dir='ltr'>sue</span> <span class='ocrx_word' id='word_1_258' title='bbox 733 3699 879 3761; x_wconf 88' lang='lat' dir='ltr'>librorum</span> <span class='ocrx_word' id='word_1_259' title='bbox 911 3697 1049 3760; x_wconf 89' lang='lat' dir='ltr'>lectione</span> <span class='ocrx_word' id='word_1_260' title='bbox 1075 3703 1216 3757; x_wconf 64' lang='lat' dir='ltr'>testatur,</span> <span class='ocrx_word' id='word_1_261' title='bbox 1241 3696 1271 3756; x_wconf 88' lang='lat' dir='ltr'>in</span> <span class='ocrx_word' id='word_1_262' title='bbox 1302 3715 1308 3723; x_wconf 90' lang='lat'><strong>·</strong></span> 
     </span>
     <span class='ocr_line' id='line_1_33' title="bbox 174 3785 1270 3889; baseline -0.005 -20"><span class='ocrx_word' id='word_1_263' title='bbox 174 3804 284 3886; x_wconf 85' lang='lat' dir='ltr'>primis</span> <span class='ocrx_word' id='word_1_264' title='bbox 305 3785 394 3885; x_wconf 79' lang='lat' dir='ltr'>libris</span> <span class='ocrx_word' id='word_1_265' title='bbox 415 3805 544 3884; x_wconf 80' lang='lat' dir='ltr'>decreto</span> <span class='ocrx_word' id='word_1_266' title='bbox 565 3807 608 3870; x_wconf 88' lang='lat' dir='ltr'>de</span> <span class='ocrx_word' id='word_1_267' title='bbox 629 3805 813 3889; x_wconf 89' lang='lat' dir='ltr'>corporibus</span> <span class='ocrx_word' id='word_1_268' title='bbox 825 3801 1089 3888; x_wconf 71' lang='lat' dir='ltr'>defenditfiticg.</span> <span class='ocrx_word' id='word_1_269' title='bbox 1107 3803 1140 3866; x_wconf 86' lang='lat' dir='ltr'>X</span> <span class='ocrx_word' id='word_1_270' title='bbox 1157 3802 1207 3865; x_wconf 73' lang='grc'>39.</span> <span class='ocrx_word' id='word_1_271' title='bbox 1219 3802 1270 3863; x_wconf 82' lang='grc'>40.</span> 
     </span>
     <span class='ocr_line' id='line_1_34' title="bbox 174 3895 1271 4004; baseline -0.007 -26"><span class='ocrx_word' id='word_1_272' title='bbox 174 3910 330 3995; x_wconf 81' lang='lat' dir='ltr'>idqueox</span> <span class='ocrx_word' id='word_1_273' title='bbox 348 3915 415 3979; x_wconf 88' lang='lat' dir='ltr'>iibri</span> <span class='ocrx_word' id='word_1_274' title='bbox 430 3916 562 3981; x_wconf 87' lang='lat' dir='ltr'>secundi</span> <span class='ocrx_word' id='word_1_275' title='bbox 579 3895 768 4004; x_wconf 65' lang='lat' dir='ltr'>fragmentis</span> <span class='ocrx_word' id='word_1_276' title='bbox 783 3915 918 3996; x_wconf 71' lang='lat' dir='ltr'>(coium,</span> <span class='ocrx_word' id='word_1_277' title='bbox 937 3913 1077 3992; x_wconf 81' lang='lat' dir='ltr'>i-Vii)</span> <span class='ocrx_word' id='word_1_278' title='bbox 1097 3911 1177 3974; x_wconf 88' lang='lat' dir='ltr'>setis</span> <span class='ocrx_word' id='word_1_279' title='bbox 1194 3929 1271 3992; x_wconf 87' lang='lat' dir='ltr'>per·</span> 
     </span>
     <span class='ocr_line' id='line_1_35' title="bbox 174 4023 1270 4116; baseline 0 -32"><span class='ocrx_word' id='word_1_280' title='bbox 174 4026 322 4109; x_wconf 84' lang='lat' dir='ltr'>spiceum</span> <span class='ocrx_word' id='word_1_281' title='bbox 343 4024 391 4109; x_wconf 90' lang='lat' dir='ltr'>iit,</span> <span class='ocrx_word' id='word_1_282' title='bbox 408 4043 450 4087; x_wconf 87' lang='lat' dir='ltr'>eo</span> <span class='ocrx_word' id='word_1_283' title='bbox 462 4026 601 4089; x_wconf 75' lang='lat' dir='ltr'>menime</span> <span class='ocrx_word' id='word_1_284' title='bbox 612 4025 783 4108; x_wconf 76' lang='lat' dir='ltr'>spicum</span> <span class='ocrx_word' id='word_1_285' title='bbox 795 4025 938 4106; x_wconf 79' lang='lat' dir='ltr'>tendisse</span> <span class='ocrx_word' id='word_1_286' title='bbox 949 4031 996 4093; x_wconf 56' lang='lat' dir='ltr'>ssut</span> <span class='ocrx_word' id='word_1_287' title='bbox 1016 4023 1270 4116; x_wconf 75' lang='lat' dir='ltr'>simulacrorum,</span> 
     </span>
    </p>
   </div>
   <div class='ocr_carea' id='block_1_4' title="bbox 0 0 1447 4610">
    <p class='ocr_par' dir='ltr' id='par_1_4' title="bbox 0 0 1447 4610">
     <span class='ocr_line' id='line_1_36' title="bbox 0 0 1447 4610; baseline 0 0"><span class='ocrx_word' id='word_1_288' title='bbox 0 0 1447 4610; x_wconf 95' lang='lat' dir='ltr'> </span> 
     </span>
    </p>
   </div>
  </div>
 </body>
</html>
