2872 4610
630 235 817 300 ..μ

173 437 264 486 suurn
293 422 552 488 circumscribere
578 425 697 508 votuit,
718 425 862 507 emplum
893 434 998 488 temen
1027 424 1186 509 physicae
1215 425 1275 490 tle-

172 533 380 611 scriptionem
403 551 538 614 eumque
558 553 614 614 per
629 533 776 614 plurimus
795 535 891 596 libros
909 535 1113 614 pertinentem
1128 537 1273 600 instituit.

175 641 275 722 idque
297 641 406 704 mirum
430 641 529 704 videri
552 659 613 703 non
636 641 773 728 poteritt
794 659 865 702 nuni
889 642 1074 704 concinnam
1095 651 1272 709 etcertum

176 746 417 830 argumentandi
451 747 605 810 rationem
636 749 760 826 respuit
786 755 818 807 ot
845 747 917 806 luse
947 753 979 806 et
1007 747 1206 830 negligenter
1234 747 1275 808 dc

87 863 91 880 '
170 855 267 936 rebus
290 855 343 916 vel
367 855 582 916 subtilissimis
604 854 787 935 disputavit.
831 853 937 932 Quum
969 862 1076 918 nutem
1108 854 1210 918 dubiis
1239 864 1272 934 ct

70 991 76 1000 “
134 1013 139 1018 .
170 962 301 1026 incertis
328 963 478 1024 sensibus
505 962 599 1025 iidem
628 982 752 1026 omnem
775 963 907 1026 baberet
935 974 969 1024 et
997 963 1038 1024 ad
1066 983 1176 1025 cortun
1199 969 1272 1023 evi·

170 1070 307 1132 dentiam
336 1071 424 1151 ipses
453 1072 596 1134 occultus
620 1080 651 1131 ct
673 1068 854 1132 reconditus
884 1088 936 1130 res
965 1050 1169 1150 explicandus
1194 1087 1271 1130 esse

167 1190 331 1261 censeret,
365 1197 500 1241 necesse
528 1186 597 1241 erut
626 1179 717 1240 varia
747 1177 892 1256 exemplu
924 1187 956 1236 ct
985 1195 1197 1258 quaecunque
1226 1175 1265 1236 ed
1363 1221 1364 1226 η

129 1290 347 1378 χεθηωιιῑίεε
370 1267 488 1350 litorius
512 1285 718 1348 stabiliendas
740 1287 842 1369 aliquo
866 1283 960 1347 rnodo
984 1285 1090 1349 locere
1117 1283 1269 1349 uideren-

167 1401 240 1482 tur,
272 1373 409 1476 undique
442 1397 651 1476 conquireret.
703 1397 876 1456 Praetores
910 1395 939 1454 in
971 1395 1077 1455 multis
1107 1404 1138 1454 et
1169 1396 1268 1460 variis
1304 1462 1307 1467 ¹

166 1504 396 1564 controversiis
418 1521 486 1564 curn
512 1489 797 1583 nliis'pbilosopbis
819 1509 968 1562 versutus
982 1508 1045 1580 est,
1067 1509 1100 1562 ct
1117 1503 1265 1580 qrrorrinm

165 1629 205 1672 cx
228 1627 327 1671 sensu
350 1611 407 1670 vix
428 1609 597 1692 quidquam
620 1618 708 1669 certo
731 1607 940 1668 demonstrari
963 1589 1099 1685 poterat,
1122 1607 1266 1671 refuten-

164 1717 213 1780 dis
230 1719 402 1798 praecipue
426 1724 458 1778 et
479 1716 644 1778 irridendis
658 1717 789 1777 eliorum
805 1715 972 1776 sententiis
985 1731 1063 1774 suns
1079 1715 1266 1776 coniirnrcrc

158 1824 287 1904 ¹studuit
306 1830 344 1896 ¹).
386 1824 437 1887 Ab
465 1824 528 1886 buc
555 1821 683 1905 quidem
714 1831 804 1903 purte
832 1821 1020 1902 Lucretius,
1052 1823 1179 1885 etiarnsi
1207 1841 1267 1887 nec

184 2049 214 2109 1)
231 2035 391 2116 1111111τί11
409 2055 522 2118 physica
537 2069 607 2118 opus
623 2056 737 2122 triginta
757 2057 964 2120 septemlibros
990 2058 1159 2124 continuisse
1181 2055 1265 2107 trudit

230 2144 308 2206 Diog.
319 2147 445 2208 Incerti(
463 2135 509 2198 30.
528 2149 691 2208 in‘singulis
709 2149 784 2198 libris
803 2149 1043 2213 qualesimprinrls
1061 2147 1263 2215 disquisitiones

235 2232 369 2298 Epicurus
388 2235 549 2302 instituerit,
569 2253 601 2288 ex
620 2239 659 2288 his
679 2242 773 2300 paucis
792 2241 905 2305 intelligi
924 2242 1033 2304 poterit.
1069 2241 1097 2290 ln
1112 2239 1197 2288 rebus
1215 2251 1265 2287 ex*-

235 2328 369 2388 plicnndis
389 2335 416 2378 ut
435 2332 597 2394 ambiguitas
616 2331 776 2394 tolleretur,
796 2331 855 2394 quid
874 2346 993 2394 quareque
1011 2345 1065 2380 vox
1084 2330 1206 2392 primitus
1224 2328 1263 2378 si·

126 2419 130 2424 '
228 2419 369 2482 gnificaret
387 2401 414 2468 et
431 2434 498 2483 quoe
515 2422 628 2482 simplex
647 2428 672 2470 et
689 2433 784 2484 aperto
801 2423 877 2472 notio
895 2427 987 2484 esset,
1006 2421 1147 2484 quaesivit,
1175 2420 1257 2483 Diog.

198 2544 201 2551 -
226 2509 250 2558 Χ
268 2509 304 2558 37
321 2523 379 2572 sqq.
415 2507 476 2573 Quo
503 2511 616 2571 pertinet
634 2510 688 2560 loci
705 2511 764 2560 sive
782 2509 863 2560 τόπου
880 2509 998 2559 definitio
1017 2515 1042 2558 et
1068 2507 1205 2558 distinctio
1223 2508 1257 2556 ab

228 2599 302 2650 inani
319 2601 378 2650 sive
396 2603 461 2666 κενῷ
475 2605 501 2648 et
519 2613 536 2649 a
553 2602 642 2662 spatio
660 2601 719 2650 sire
733 2599 812 2668 χώρᾳ.
847 2601 917 2665 Plrrt.
936 2602 970 2649 de
987 2600 1024 2662 pl.
1042 2601 1084 2660 pb.
1103 2601 1113 2646 1
1132 2599 1177 2646 20.
1205 2599 1260 2646 iia-

226 2691 291 2742 bric.
314 2691 346 2742 ad
364 2693 440 2742 Sext.
459 2692 534 2753 Ernp.
553 2693 591 2742 111
615 2691 677 2743 124.
713 2693 893 2742 Subtilissinre
915 2692 1064 2755 disputavit
1081 2693 1112 2740 de
1130 2691 1259 2740 acciden-

228 2783 300 2831 tibus
325 2784 352 2857 iu
379 2797 504 2846 corpore.
540 2785 620 2850 [ling.
639 2787 661 2833 X
680 2785 811 2834 tis-74.
830 2786 864 2833 cl.
883 2787 959 2834 Sext.
977 2785 1052 2844 Ernp.
1070 2785 1094 2832 X
1111 2759 1260 2830 enuere.

226 2877 383 2928 Gnssendus
402 2882 409 2930 l
433 2879 491 2928 179.
511 2881 624 2930 Uberius
635 2885 722 2928 autern
734 2881 766 2926 de
784 2883 904 2938 tempore
922 2877 1046 2926 disseruit
1064 2877 1140 2938 idque
1158 2873 1255 2934 duplex

232 2983 290 3019 esse
312 2971 381 3018 dixit
403 2968 497 3036 χρόνον
519 2968 640 3036 αἰσθητόν
666 2975 693 3018 el
714 2965 808 3034 χρόνον
827 2965 866 3016 riui
890 2963 962 3034 λόγου
979 2963 1112 3034 θεωρητόν.
1135 2966 1214 3028 [ling.
1234 2965 1257 3012 X

225 3062 337 3111 41147.
354 3061 400 3137 48.
419 3064 463 3113 62.
492 3065 613 3134 Breviter
631 3075 685 3110 reru
704 3060 813 3120 exponit
832 3049 994 3108 Lucretius!
1013 3057 1169 3105 esu-484.
1186 3055 1255 3105 iden

225 3161 328 3217 tempus
356 3157 455 3218 duplex
481 3157 618 3220 significat
642 3157 679 3206 ll’
702 3155 762 3206 inb.
783 3157 842 3206 iit).
866 3155 928 3206 tos.
949 3156 1015 3222 777.
1034 3156 1097 3204 798.
1120 3157 1257 3204 'Accurri-

225 3245 318 3296 tiorem
342 3247 488 3310 primorum
511 3261 656 3310 corporum
679 3251 882 3314 descriptionem
904 3248 1013 3310 Epicuri
1041 3247 1107 3296 liber
1123 3249 1181 3312 περὶ
1196 3242 1255 3310 ἁφῆς

221 3329 391 3388 continuisse
414 3340 525 3400 videtur.
561 3341 589 3386 ln
608 3353 660 3402 quc
678 3339 823 3400 Epicurum
846 3337 990 3400 praecipue
1009 3337 1153 3388 Democriti
1170 3348 1257 3400 argu-

220 3435 337 3480 uentum
357 3429 518 3492 defendisse,
535 3428 587 3480 duo
606 3431 741 3497 quaelibet
758 3443 875 3492 corpora
893 3443 946 3478 nou
966 3440 1020 3479 unu
1032 3430 1176 3492 eodemque
1193 3427 1255 3474 loco

219 3521 307 3582 excipi
324 3534 404 3582 posse
422 3522 582 3570 stulterum
601 3529 710 3586 propter
726 3522 891 3570 soliditatem
909 3520 988 3570 alteri
1006 3521 1126 3582 obstare,
1143 3516 1253 3580 sagaci-

222 3612 264 3660 ter
291 3611 406 3660 contecit
431 3612 586 3660 dossennus
610 3613 621 3660 l
644 3612 710 3663 231.
755 3611 834 3676 Quod
861 3615 926 3662 idern
957 3611 1125 3682 paucissimis
1151 3611 1251 3656 tractat

225 3705 369 3754 Lucretius
387 3706 398 3751 1
415 3703 587 3755 uas-347.
624 3707 665 3752 nd
681 3704 891 3766 disputationem
908 3702 939 3750 rie
956 3701 1071 3754 minimis
1088 3700 1116 3748 in
1134 3710 1249 3760 corpore

220 3796 339 3858 partibus
365 3799 392 3864 et
410 3794 526 3844 dirersis
543 3795 637 3858 figuris
656 3796 751 3844 librum
774 3798 831 3860 περὶ
848 3797 889 3857 τῆς
906 3792 933 3841 ὲν
951 3797 980 3856 η]
996 3789 1082 3856 ἀτόμῳ
1099 3794 1186 3858 γωνίας
1205 3804 1250 3838 re·

219 3889 357 3940 terendum
394 3890 487 3936 censet
511 3886 669 3937 (insscudus
693 3886 703 3934 Ι
728 3885 792 3932 267.
836 3883 961 3944 uterinis,
995 3888 1084 3934 nutem
1113 3882 1246 3932 edversa-

219 3983 268 4032 riis
288 3982 420 4042 Epicurus
447 3979 473 4028 in
497 3977 661 4038 deiendendp
678 3976 802 4040 corporis
819 3975 952 4036 diuisione
968 3973 1046 4024 finito
1061 3978 1089 4022 et
1105 3977 1182 4034 purte
1200 3984 1250 4019 ex·
