2872 4610
632 285 836 355 ..37-

184 475 231 541 rio
263 495 304 544 ex
328 477 387 544 illis
411 479 686 564 consequebatur,
717 501 791 548 esso
813 493 944 546 naturae
965 495 1096 548 caecam
1125 475 1280 564 quandam

185 577 472 656 necessitatene}
494 592 615 652 tristem
639 599 671 653 et
692 592 839 654 miseram
858 586 975 651 sortem
992 589 1120 670 generis
1143 587 1281 651 humani.

267 692 334 756 Sed
348 709 408 775 qna
424 695 646 757 nova'ratione
661 696 831 758 Lucretius
850 695 995 779 magistri
1017 695 1189 758 doctrinam
1212 702 1283 756 tra·

186 799 311 881 diderit,
335 822 377 863 ex
398 803 472 864 aliis
494 805 596 866 satius
619 806 834 886 perspicietur.
878 799 1010 886 Neque,
1038 803 1120 884 quod
1143 801 1284 865 sortasse

185 911 342 992 quispiam
367 910 511 994 obiiciat,
541 915 669 993 penuria
695 915 796 993 ipsios
819 914 948 996 Epicuri
975 915 1178 994 scriptorum,
1207 929 1282 974 cnm

185 1017 303 1100 quibus
317 1018 444 1098 singula
460 1036 603 1101 quaeque
620 1021 812 1084 Lucretiana
827 1021 1060 1100 comparentur,
1075 1029 1178 1099 vetat,
1200 1035 1284 1100 quo-

182 1126 288 1187 minus
309 1137 422 1188 rev'cra
443 1127 601 1206 quaedam
623 1127 748 1210 propria
775 1139 811 1190 ct
833 1145 920 1190 nova
942 1147 961 1190 a
982 1129 1134 1190 Lucretio
1161 1127 1284 1209 prolata

185 1251 262 1296 esse
280 1233 490 1315 significetur.
533 1236 617 1296 Nam
643 1233 815 1298 diversitas
836 1253 920 1318 quae
943 1235 1022 1298 iuter
1042 1237 1227 1316 magistrum
1251 1244 1285 1298 et

185 1341 378 1423 discipulum
401 1344 582 1423 intercedit,
606 1363 667 1405 nou
688 1341 808 1405 tamin
831 1345 902 1424 ipso
924 1353 1114 1426 argumento
1137 1362 1229 1425 quarn
1253 1343 1284 1404 in

185 1449 254 1510 eius
276 1451 465 1512 tractatione
486 1459 539 1513 est
560 1452 743 1531 conspicua.
788 1451 882 1528 Quae
904 1434 1032 1532 quidem
1054 1451 1126 1512 talis
1149 1458 1220 1530 est,
1253 1459 1286 1512 ut

186 1566 282 1638 poeta
310 1577 371 1618 non
402 1577 516 1620 revera
545 1561 712 1619 immutare
739 1557 908 1639 quidquam
932 1567 988 1619 aut
1020 1576 1150 1639 prorsus
1182 1558 1285 1619 aliena

186 1665 365 1737 immiscere
387 1665 557 1746 Epicureis
576 1665 700 1747 placitis
713 1666 870 1744 videatur,
891 1665 950 1728 sed
973 1674 1008 1726 nt
1023 1666 1231 1748 investigatis
1254 1673 1287 1726 et

186 1775 368 1850 perspectis
401 1773 592 1852 Epicureae
617 1773 838 1854 philosophiae
871 1772 1072 1854 gravioribus
1101 1773 1285 1848 rationibus,

188 1899 306 1962 magua
329 1879 378 1941 sui
395 1879 511 1962 ingenii
529 1879 579 1941 illa
600 1881 740 1942 sollertia
755 1882 811 1941 toti
825 1880 988 1941 doetrinae
1002 1899 1118 1942 novam
1130 1879 1286 1960 quandam
1301 1947 1306 1961 l

189 1989 411 2050 auctoritatem
426 1989 581 2050 addiderit
593 1987 729 2070 ideoque
742 1991 810 2070 ipso
825 1990 978 2068 magistro
997 1987 1173 2068 discipulus
1190 1987 1288 2047 maior

189 2104 222 2154 et
234 2092 327 2155 laude
338 2092 677 2175 digniorphilosophus
688 2095 855 2159 exstiterit.
878 2095 921 2158 Ut
931 2073 1003 2155 illud
1014 2092 1096 2174 quod
1108 2112 1127 2154 a
1138 2093 1177 2156 Ri
1186 2101 1288 2154 ttero

189 2217 314 2283 qnoque
329 2199 585 2280 animadversum
602 2207 693 2278 est¹)‚
709 2195 856 2284 ¹qnodque
872 2221 969 2283 supra
983 2205 1042 2264 iam
1058 2201 1202 2282 exposui,
1212 2220 1287 2280 pro·

189 2309 300 2386 feram,
313 2311 407 2390 plane
420 2309 459 2368 ad
473 2321 609 2371 mentem
621 2309 748 2391 Epicuri
761 2307 925 2372 Lucretius
935 2310 1151 2392 deotanquam
1163 2307 1287 2371 dominu

189 2418 328 2497 superbo
344 2417 500 2478 Naturam
517 2417 646 2479 liberam
660 2437 741 2499 qnae
758 2438 815 2499 per
831 2438 868 2480 se
888 2420 958 2480 sola
972 2423 1120 2482 caussam
1134 2415 1287 2502 gignendi

190 2535 223 2585 et
248 2522 467 2585 conformandi
488 2523 604 2584 lrabeat
627 2525 772 2604 opponit3
795 2525 854 2588 sed
877 2527 1033 2587 Naturam
1063 2524 1107 2586 ita
1128 2525 1288 2606 significat

191 2643 227 2697 ut
248 2655 317 2696 eam
341 2644 489 2714 tauquam
515 2637 587 2696 vim‘
602 2653 694 2695 unani
720 2636 824 2696 omnia
852 2635 881 2696 iu
906 2654 943 2696 se
971 2637 1232 2714 complectentem
1256 2643 1290 2696 et

161 2721 164 2736 1
190 2745 232 2810 ad
253 2745 454 2808 concordiam
478 2754 510 2807 ct
533 2746 775 2807 consensionem
800 2745 926 2828 singula
943 2763 1090 2826 quaeque
1112 2745 1289 2806 concilian-

190 2862 254 2914 tem
277 2861 309 2914 ct
332 2861 573 2933 componentem
597 2851 714 2914 habere
737 2852 891 2916 videatur.
941 2853 975 2911 lu
1004 2867 1043 2911 ec
1065 2858 1170 2912 autem
1194 2851 1288 2930 plane

189 2969 277 3022 totus
303 2973 374 3020 cum
403 2957 631 3040 antiquioribus
662 2953 800 3020 Graecis
831 2957 1027 3039 plrilosoplris
1059 2957 1290 3040 comparandus

192 3077 253 3146 est,
276 3067 360 3149 quod
384 3087 444 3128 non
468 3069 497 3128 in
521 3069 613 3129 rebus
637 3067 772 3152 singulis
794 3069 872 3129 solis
894 3067 1161 3162 observarrdispet
1184 3068 1290 3148 expli·

192 3177 303 3238 caudis
324 3185 429 3244 mente
443 3175 569 3236 defixus
583 3183 614 3236 et
626 3175 738 3236 altiore
755 3185 885 3236 naturae
903 3195 1006 3238 rernm
1021 3174 1289 3254 contemplatione

87 3286 92 3294 '
193 3283 334 3362 ductus,
360 3281 402 3351 ad
431 3283 668 3345 universitatem
703 3303 805 3346 reruni
841 3283 1167 3363 comprehendendam
1205 3284 1290 3344 elato

192 3395 299 3456 auimo
322 3391 465 3458 ascendit
494 3399 526 3452 et
548 3390 590 3454 ad
611 3401 726 3452 certas
746 3393 836 3473 leges
865 3390 894 3450 in
919 3401 1031 3452 natura
1053 3391 1207 3452 latissime
1228 3408 1291 3470 pa-

193 3507 299 3562 tentes
329 3501 433 3560 omnia
462 3513 617 3560 revocare
645 3507 782 3560 conatus
812 3507 870 3559 est.
926 3497 1047 3575 Quales
1078 3498 1228 3577 imprimis
1262 3497 1292 3558 iu

193 3607 407 3688 descriptione
431 3615 605 3688 perpetuae
626 3623 730 3668 rerum
754 3588 982 3668 vicissitudinis
1004 3622 1179 3687 expressas
1203 3623 1291 3684 esse,

194 3719 302 3798 quivis
325 3714 487 3776 fatebitur.

277 3805 343 3884 Sed
359 3820 446 3883 *satis
468 3821 669 3882 manifestum
688 3825 750 3900 est,
773 3827 898 3899 poetam
919 3839 960 3880 ex
977 3819 1047 3880 aliis
1067 3829 1194 3900 praeter
1209 3820 1291 3900 Epi-

173 3904 308 3990 'curum
327 3927 456 4010 graecis
475 3913 673 4008 potissimum
692 3924 846 4004 exemplis
864 3925 1000 3985 anirnnm
1025 3943 1142 3985 uorum
1164 3934 1196 3989 et
1217 3933 1292 3986 tan-

195 4026 466 4044 mun-u·-
484 4035 487 4040 .

215 4073 245 4128 t)
263 4069 394 4132 nitier,
413 4070 507 4120 cerua
525 4071 550 4118 d.
567 4067 635 4120 Pull-
652 4069 700 4120 tv.
718 4068 775 4120 cl..
