2872 4610
180 513 250 560 rare
283 511 381 576 posse
413 497 537 558 statuit.
590 496 667 576 inde
700 500 927 575 tempestatum
967 491 1296 574 quoque-uiceefin

178 603 296 667 mundo
318 603 477 683 explicuit.

379 715 450 776 τιμῆς
469 708 492 760 δ’
509 707 578 775 ἄλλης
596 707 654 759 iiio
671 705 749 774 frider,
765 707 833 776 πάρα
850 707 878 759 δ’
894 703 953 773 ἦθος
970 705 1073 776 datricem·

377 798 405 850 ir
422 797 452 850 dl
469 803 537 866 prabet
552 804 685 868 aparebvoa
702 797 894 864 septemplico
911 797 1048 864 niumm).

179 895 384 977 Empedoclis
406 896 599 956 senteutiam
621 893 822 973 amplectitur
844 893 1015 958 Lucretius
1042 894 1072 956 V
1092 892 1294 972 est-*wem

180 1005 221 1068 de
242 1003 357 1086 quibus
377 1003 528 1064 versibus
557 1017 655 1080 supra
682 1019 711 1079 p.
734 997 943 1060 abuteretur.
988 997 1159 1076 Propterea
1182 998 1293 1078 enim,

178 1111 263 1194 quod
275 1111 305 1172 iu
322 1107 436 1171 mundo
459 1108 627 1185 elementa,
648 1110 701 1182 pio
720 1123 919 1184 nequaquam
931 1107 1055 1165 conada
1068 1103 1157 1173 boun,
1178 1123 1293 1182 cepero

179 1221 351 1282 certamine
363 1217 478 1279 bellum
493 1225 617 1296 gerant,
640 1232 743 1291 nequo
759 1211 841 1274 aliuti
860 1213 920 1272 alio
936 1221 1111 1292 superetur,
1120 1211 1289 1294 xanundum

179 1327 209 1388 itt
232 1334 319 1387 statu
341 1341 402 1386 suo
425 1342 555 1384 manere
570 1319 738 1383 contendit.
762 1318 814 1380 Ad
824 1317 1025 1398 Empedoclis
1037 1324 1226 1381 sententiam
1239 1318 1290 1380 de

179 1431 398 1497 diversisauni
420 1431 667 1510 tempestatibus
690 1427 772 1490 haec
792 1436 941 1506 spectant
961 1419 1043 1506 apud
1057 1426 1217 1490 Plutarch.
1239 1427 1290 1507 pl.

178 1539 231 1622 ph.
244 1543 288 1600 lll
309 1541 339 1602 ἃ
360 1529 588 1621 Ἐμπεδοκλῆς
609 1531 663 1598 καὶ
685 1529 717 1598 οἱ
725 1531 861 1598 Στωϊκοὶ
876 1532 1019 1613 χειμῶνα
1037 1531 1096 1613 μὲν
1117 1530 1288 1614 γίνεσθαι,

176 1646 237 1710 τοῦ
263 1639 363 1731 ἀέρος
388 1643 639 1730 ἐπικρατοῦντος
667 1642 708 1728 τῇ
737 1631 899 1706 πυκνώσει
922 1637 976 1706 καὶ
998 1635 1047 1714 εἰς
1066 1631 1105 1704 τὸ
1125 1630 1287 1724 ἀνωτέρω

177 1748 551 1837 βιαζομένου·’θερείαν
581 1747 619 1814 δὲ
647 1747 706 1812 τοῦ
734 1738 850 1834 πυρός,
879 1739 957 1810 ὅταν
976 1737 1082 1820 εἰς-τό
1103 1744 1286 1831 κατωτέρω

177 1853 333 1948 βιάζηται
342 1867 381 1934 ⁹).
425 1861 518 1940 Quod
540 1861 768 1922 elementorum
791 1860 821 1918 in
844 1858 982 1919 diversis
1003 1858 1075 1918 atini
1099 1865 1287 1936 tempesta-

178 1972 263 2034 tibus
286 1979 447 2033 certamen
469 1971 639 2032 Lucretius
662 1969 692 2027 in
716 1966 927 2044 explicatione
951 1982 1088 2028 caussae
1111 1965 1284 2028 fulminum

179 2075 340 2138 describit.
362 2077 409 2136 Vl
431 2071 607 2136 357w379.
649 2074 794 2151 Utroque
815 2078 974 2153 tempore,
998 2073 1098 2152 prima
1117 2071 1221 2135 hieme
1243 2081 1284 2134 et

181 2185 282 2266 primo
304 2203 384 2246 vere
405 2182 536 2262 plurima
559 2182 627 2244 lieri
650 2181 779 2245 fulmina
793 2180 877 2244 dicit.
919 2183 1004 2244 Nam
1019 2201 1120 2243 veruo
1133 2190 1284 2261 tempore

177 2299 354 2354 extremam
376 2290 513 2352 hiemem
535 2307 680 2370 pugnare
705 2308 774 2352 cum
798 2290 897 2370 primo
919 2289 1034 2354 hiemis
1062 2289 1198 2370 frigore,
1231 2291 1279 2350 ita

372 2399 408 2446 Ut
427 2394 563 2446 discordia
580 2395 616 2443 sit
634 2407 731 2456 rerum,
751 2407 904 2458 magnoque
923 2393 1041 2444 tumultu

372 2487 482 2550 ignibus
500 2489 526 2534 et
544 2487 632 2534 ventis
651 2487 810 2535 furibundus
827 2487 941 2534 tluctuet
957 2482 1016 2534 abr.

373 2669 523 2729 Propterea
539 2671 604 2716 suut
621 2668 686 2717 baec
705 2667 778 2717 bella
795 2667 859 2715 aaut
876 2661 1073 2730 nominitaoda;

175 2767 243 2835 Sed
265 2787 327 2830 non
347 2787 474 2850 semper
495 2776 711 2852 tempestates
728 2770 850 2831 coelum
873 2769 1077 2848 conturbaut3
1100 2767 1181 2830 bella
1203 2769 1276 2832 ele·

171 2885 349 2960 'mentorum
372 2877 523 2957 temperie
552 2885 721 2957 pacantur3
749 2873 779 2934 iu
808 2873 1006 2936 discordibus
1028 2875 1063 2937 fit
1085 2873 1272 2956 concordia5

173 2991 264 3046 atrae
295 2983 395 3045 nubes
423 2983 610 3064 diffugiunt3
730 3062 732 3066 ,

379 3089 567 3152 placatumque
586 3089 654 3139 uitet
671 3089 767 3139 diffuso
785 3089 884 3142 lumine
903 3091 1017 3142 coelum.

183 3215 466 3230 m

191 3303 223 3363 t)
240 3303 467 3354 Pauzerbieterus
485 3319 509 3367 p.
525 3304 568 3354 10.
587 3291 621 3354 ad
639 3319 736 3355 versus
752 3308 855 3357 allatos
873 3312 1001 3363 annotate
1018 3321 1066 3357 aso
1085 3308 1182 3358 berubt
1199 3307 1273 3376 obus

243 3395 359 3446 nutriret
379 3398 428 3445 der
444 3397 739 3463 Wltteruugstveclrsel
759 3401 825 3449 nach
837 3400 946 3460 Emped.
956 3400 1070 3448 auidum
1081 3397 1274 3448 wechselndeu

239 3485 445 3550 Uebergewlclrt
463 3499 518 3534 von
535 3487 625 3535 b'euer
643 3489 696 3535 und
712 3487 831 3537 Wasser
847 3489 875 3536 in
893 3491 941 3538 der
956 3490 1148 3550 Atmosplraere
1153 3501 1163 3550 3
1181 3491 1273 3537 feruet·

238 3577 324 3626 durcb
347 3576 390 3626 ein
414 3575 577 3626 thetlweises
600 3577 796 3652 Ueberaniegen
820 3591 874 3628 voe
897 3581 986 3628 Feuer
1004 3581 1057 3628 und
1076 3581 1191 3629 Wasser
1208 3584 1272 3626 eut-

238 3671 354 3719 staodea
372 3669 405 3718 im
423 3670 551 3732 Aniaoge
569 3671 616 3718 der
633 3671 1050 3729 Weltbilduuadietbeilweieeu
1061 3673 1271 3733 zerstiiruugen

240 3771 265 3808 u·
275 3772 299 3808 s.
312 3769 347 3806 w·
382 3759 434 3806 Mit
451 3759 536 3807 ciuem
555 3761 664 3818 Wortm
682 3761 733 3808 aui
747 3761 846 3808 diesem
865 3760 1034 3826 thoilweiseo
1045 3763 1271 3824 Uebergewicbte

234 3849 281 3898 der
298 3849 436 3901 Elementa
453 3851 506 3898 und
526 3849 713 3898 Grundlrra'iite
731 3851 848 3907 berubeo
866 3852 920 3900 alte
936 3852 1127 3900 wectrselodeu
1138 3853 1267 3902 Ersclrei·

236 3955 345 4007 nungeu
363 3945 396 3991 im
416 3944 535 3992 Grossen
555 3946 607 3992 und
628 3945 737 3992 Kleioeo
757 3944 783 3990 in
802 3945 851 3991 der·
869 3944 956 3994 Welt.
973 3946 1008 3992 cl.
1029 3945 1145 3992 Karsten
1165 3959 1190 4004 p.
1201 3943 1268 3992 422.

175 4035 223 4100 ·2)
241 4038 360 4086 Eandem
379 4037 468 4084 hiemis
486 4041 512 4084 et
530 4037 642 4084 aestatis
661 4035 866 4096 explicationem
885 4035 991 4083 exhibet
1009 4035 1099 4084 Varro
1117 4035 1136 4083 l.
1154 4021 1174 4084 1'.
1187 4033 1211 4082 V
1222 4035 1269 4084 til.
