2872 4610
644 310 847 377 ..aq-

196 497 266 561 Sed
287 496 511 560 immutabilem
532 515 689 560 summam
711 497 900 560 imnobiiem
922 497 1140 580 quoquedieit
1153 519 1289 584 eamque

193 621 321 666 summa
342 611 428 666 stare
450 605 557 685 quiete
579 605 609 664 ii
634 601 813 667 308-333.

263 771 267 784 „
343 727 426 788 uum
444 729 469 777 a·
489 729 528 776 ns
547 729 628 777 reem
647 741 701 777 non
719 735 761 778 est
780 731 1025 796 aeternaequae,
1127 717 1128 724 ’

355 819 453 898 Omnia
470 833 548 881 quom
566 831 656 871 rerum
674 819 819 881 primordia
836 823 890 872 rint
909 823 935 871 ia
954 827 1039 887 mutu,

359 916 469 960 surmna
486 917 579 962 tamea
594 925 698 962 summa
717 913 843 964 uideatur
858 923 932 967 stare
950 914 1050 977 quiete,

360 999 551 1061 Praeterquam
570 1001 671 1062 siquid
690 1001 799 1066 proprio
818 1004 863 1050 dat
880 1014 997 1068 corpore
1015 1007 1114 1054 ututur.

273 1091 445 1156 liiaenuro
458 1093 688 1174 descriptiones
710 1095 911 1158 mortalitatis
931 1104 964 1160 et
982 1095 1165 1178 fragilitatis
1186 1116 1291 1162 rerum

193 1208 327 1264 naturae
349 1202 516 1282 permagni
537 1202 569 1262 in
585 1203 747 1282 Epicurea
767 1201 914 1265 doctriua
934 1205 1085 1266 momenti
1103 1213 1186 1276 aunt,
1215 1208 1292 1286 inde

188 1309 272 1371 enim
289 1308 446 1392 Epicurus
467 1327 527 1371 neo
548 1281 662 1372 mdodo
677 1327 737 1371 nec
755 1311 900 1392 partibus
922 1311 990 1372 eius
1006 1309 1190 1375 inferendo·
1213 1295 1290 1380 esse

188 1419 279 1482 Deos
301 1419 426 1499 statuit,
456 1419 543 1504 quod
565 1420 686 1482 aeterni
709 1428 819 1482 essent
842 1428 873 1479 et
894 1437 1018 1482 summa
1040 1419 1237 1484 beatitudine
1257 1431 1290 1487 et

187 1529 410 1610 tranquillitate
425 1529 614 1593 fruerentur.
629 1527 699 1590 Cic
712 1529 790 1590 Nat.
804 1525 902 1590 Deor.
916 1528 929 1587 1
944 1528 995 1607 tu,
1008 1527 1059 1588 26.
1089 1526 1186 1606 Quod
1203 1528 1287 1592 idem

189 1637 361 1698 Lucretius
395 1645 523 1718 reputat
553 1637 605 1698 ubi
633 1636 675 1700 de
702 1637 829 1699 interitu
863 1637 1090 1700 elementorum
1120 1641 1153 1699 et
1181 1635 1287 1700 muudi

186 1744 320 1826 exponit
341 1744 374 1806 V
398 1743 468 1807 tta.

268 1850 542 1930 Quemadmodum
565 1859 673 1912 autem
696 1849 727 1910 iu
749 1849 957 1932 antiquiorum
967 1847 1165 1914 Graecorum
1182 1849 1288 1932 philo·

189 1961 373 2042 sophorum,
393 1961 545 2041 imprimis
561 1976 639 2021 uero
660 1963 693 2021 in
707 1959 861 2022 Heracliti
876 1961 1056 2041 pariturque
1078 1960 1108 2020 iu
1120 1958 1287 2039 lampado.-

188 2069 247 2132 ciis
270 2071 511 2150 phitosophiam,
536 2070 833 2147 contemptationem
854 2077 985 2129 naturae
1012 2071 1042 2128 iu
1060 2067 1207 2148 quauihii
1221 2085 1284 2128 suo

188 2183 276 2236 statu
292 2184 475 2256 permaneat
490 2173 548 2236 sed
570 2191 698 2254 semper
720 2191 805 2234 mors
827 2173 926 2234 vitam
948 2182 1114 2254 sequatur,
1137 2189 1286 2254 maguam

151 2329 155 2336 ·
187 2282 336 2346 intulisse
363 2284 497 2344 dicimus
520 2283 749 2362 severitatem,
780 2284 825 2344 ita
846 2285 942 2344 etiam
965 2282 1005 2344 de
1027 2281 1179 2345 Lucretio
1200 2280 1285 2344 idem

186 2390 359 2472 praeterire
381 2389 505 2449 silentio
522 2407 583 2448 ooo·
600 2403 782 2468 possumus
828 2388 913 2450 Fieri
930 2395 1037 2449 autem
1059 2405 1121 2450 noo
1144 2395 1284 2469 poterat,
1359 2472 1362 2478 Ι

188 2499 261 2577 quio
274 2497 432 2578 Epicureo
449 2499 502 2593 vei
516 2497 626 2577 invito,
651 2499 798 2578 quamvis
815 2507 946 2561 mortem
957 2517 1013 2580 pro
1028 2499 1125 2561 nihilo
1138 2501 1284 2582 haberet,

185 2611 291 2669 tamen
319 2617 407 2666 certe
442 2603 537 2686 ittud,
567 2605 649 2686 quod
684 2605 828 2667 homines
853 2615 1028 2668 ceterarum
1054 2625 1155 2669 rerum
1182 2611 1286 2675 instar
1350 2630 1356 2635 ·

146 2694 150 2698 ³
185 2722 328 2774 mortuos
356 2713 388 2774 in
417 2720 579 2773 aeternum
610 2711 715 2773 efferri
746 2722 777 2774 et
805 2713 835 2773 in
864 2714 991 2776 nihilum
1012 2712 1115 2796 redigi
1138 2715 1283 2799 putabat,

183 2822 305 2883 tristem
316 2820 472 2902 quandam
482 2824 698 2882 austeritatem
710 2822 795 2882 vitae
806 2814 1064 2900 contemplationi
1078 2819 1281 2888 immisceret.

183 2931 302 3010 Neque
323 2928 353 2990 id
375 2938 470 3008 poeta
492 2930 523 2990 iu
546 2930 624 3009 ipsis
653 2930 850 3009 argumentis
879 2931 995 3011 quibus
1022 2937 1172 2992 aeternae
1192 2951 1281 2996 rnor-

184 3036 225 3097 tis
246 3037 389 3097 timorem
406 3037 514 3096 toliere
532 3037 653 3118 studet,
676 3037 803 3098 diffiteri
825 3041 899 3100 mitri
915 3039 1052 3102 videtur.
1074 3040 1117 3100 iil
1132 3041 1195 3103 tm
1209 3057 1280 3123 sqq.

184 3137 403 3204 1037-1058.
426 3139 561 3202 Fatetur
582 3159 661 3203 sane
685 3144 713 3204 iu
730 3140 940 3228 descriptione
954 3141 1152 3208 diversarum
1174 3147 1281 3209 muudi
1346 3148 1350 3162 '

182 3257 324 3346 aetatum
346 3257 379 3310 et
401 3267 522 3310 morum
546 3247 705 3311 hominum
728 3253 959 3314 conversionis.
982 3251 1015 3314 V
1039 3251 1120 3315 1275
1139 3271 1224 3336 sqqa

345 3354 391 3410 sto
409 3353 549 3405 volvunda
567 3361 642 3405 aetas
660 3365 807 3409 commutat
824 3363 947 3424 tempora
963 3371 1068 3412 rerum:

342 3441 421 3508 Quod
439 3447 489 3496 tuit
508 3447 534 3496 tu
552 3449 647 3512 pretio,
664 3447 694 3499 tit
712 3449 788 3501 nulio
806 3449 919 3514 denique
937 3453 1055 3517 nouerca

182 3545 462 3564 m

195 3605 226 3672 1)
244 3611 410 3674 Universum¹
427 3625 482 3664 uon
504 3613 594 3664 coium
617 3609 792 3680 ἀμετάβλητον
817 3629 909 3666 verum
935 3617 1017 3668 etiam
1039 3611 1156 3681 datram
1172 3619 1220 3666 est.
1238 3617 1278 3667 ci.

245 3703 379 3752 Gasseud.
397 3705 409 3752 1
426 3719 451 3768 p.
471 3705 534 3754 138.
569 3707 665 3774 ΙΜοῑυε
687 3707 760 3756 iltius
784 3709 933 3772 exemplum
958 3706 1062 3758 exhibet
1086 3708 1231 3759 Lucretius
1248 3707 1277 3759 V

241 3790 398 3843 eta-481.
433 3794 483 3844 Est
501 3802 589 3844 autern
607 3801 695 3846 motus
713 3797 827 3860 partium
847 3797 871 3846 iu
891 3802 965 3861 toto,
983 3809 1060 3859 quem
1079 3797 1179 3846 Sextus
1198 3796 1274 3860 urna

242 3885 267 3935 X
284 3884 322 3934 62
339 3893 546 3951 commemorat,
563 3899 692 3950 quemque
710 3889 905 3964 Apollodorum
925 3885 1084 3950 Epicureum
1102 3894 1120 3938 a
1138 3893 1275 3937 motu-tu*

168 4021 170 4028 .
242 3974 296 4028 um
320 3976 443 4037 corporis
464 3977 491 4028 ia
515 3977 631 4028 transitu
656 3992 673 4028 a
695 3978 758 4028 loro
781 3978 807 4028 iu
825 3979 913 4030 iocum
933 3979 1086 4030 dutuxisae
1104 3953 1191 4034 refert
1207 3984 1277 4030 sto·

240 4065 325 4116 bacas
342 4067 432 4130 actoq-
449 4067 528 4132 ptrye.
546 4080 570 4130 p.
587 4065 635 4116 42.
