2872 4610
163 493 291 564 contar,
322 489 462 552 aatbaais
490 501 522 556 ct
551 496 632 556 coeli
662 503 696 558 ct
715 497 852 560 siderum
877 497 1036 560 lervnrcrn
1060 494 1262 576 purissimum

164 600 199 654 et
219 591 484 662 dilucidissimam
512 601 724 680 appellabant.
751 603 822 666 ¹Cic
853 605 894 668 N.
925 605 964 670 ll.
993 602 1260 686 tttt,15sqq.

153 701 266 765 ‘Aaou
290 706 321 766 tt
342 705 392 768 u.
518 723 519 730 ¹
689 695 692 704 ’

148 857 152 863 -
185 843 188 852 .
247 813 299 875 ΒΧ
319 812 382 890 bis,
404 821 552 896 quautam
576 815 617 878 tle
637 818 741 880 aroma
764 819 913 898 quaestio
928 817 1052 898 copiam
1072 815 1262 898 Epicuro'et

162 918 340 1002 discipulis,
363 923 414 1003 qui
431 925 662 1006 antiquioribus
685 926 881 1007 pbilosophis
894 935 926 986 ot
940 927 1061 988 Stoicis
1074 927 1261 1002 acerrimam

90 1067 98 1071 —
156 1047 302 1112 pugnam
324 1039 358 1092 ‘at
380 1035 632 1096 controversiam
663 1033 824 1118 iacerent,
857 1033 1055 1116 praebuerit,
1088 1033 1182 1098 tacite
1212 1035 1263 1096 iu-

121 1175 123 1178 -
154 1138 323 1221 colligitur.
367 1141 423 1204 ltla
444 1141 542 1224 enlm,
566 1161 661 1223 qurum
695 1145 819 1204 animae
848 1153 878 1204 et
910 1143 1025 1204 inentis
1053 1150 1197 1232 uattrram
1228 1145 1263 1204 at

159 1243 348 1309 bertramo
371 1247 507 1308 vinculis
523 1248 647 1324 immani
665 1251 810 1330 corporis
824 1250 967 1310 coerceri
979 1248 1143 1327 donarent,
1165 1265 1263 1328 prae-

160 1365 213 1416 ter
241 1356 507 1429 immortalitatem
538 1363 607 1420 eius
633 1361 729 1420 etiam
756 1361 881 1423 animan
911 1368 947 1424 et
974 1361 1106 1424 rationis
1134 1361 1265 1424 diutinae

161 1459 276 1524 sedam
298 1463 330 1522 in
353 1460 469 1524 mundo
491 1465 627 1546 eiusque
648 1465 791 1544 partibus
814 1467 984 1546 negabant.

246 1567 313 1632 Sed
336 1559 469 1631 trannau¹
486 1571 526 1632 ad
552 1573 759 1634 lucretium,
791 1575 823 1632 ls
851 1575 990 1652 plurimis
1019 1573 1176 1654 exemplis
1199 1573 1261 1634 do·

161 1680 297 1740 ctrinam
320 1660 397 1739 libro
419 1684 513 1740 tertio
536 1683 685 1760 exposuit
707 1691 739 1742 et
760 1681 939 1762 ecquidem
956 1682 1107 1763 imprimis
1130 1680 1261 1745 consilio

161 1793 200 1846 nt
222 1785 365 1848 homines
393 1803 412 1846 a
439 1789 548 1848 mortis
582 1790 695 1851 tirnore
725 1789 882 1852 liberaret.
907 1795 952 1854 lll
973 1791 1023 1854 34.
1068 1790 1155 1854 idam
1180 1809 1262 1851 con-

153 1893 267 1956 ·siliutn
290 1893 430 1972 declarat
451 1895 535 1955 initio
560 1895 626 1956 libri
650 1897 760 1975 primi,
791 1899 842 1960 ubi
874 1909 1041 1979 poetarum
1073 1899 1261 1965 laboraret

161 2003 258 2067 Ennii
285 2005 405 2066 comitia
439 2005 479 2066 de
508 2005 680 2066 animorum
710 2009 988 2086 transmigratione
1017 2015 1050 2070 ct
1078 2009 1197 2070 umbris
1228 2011 1258 2068 iu

160 2111 238 2176 Orci
260 2115 396 2176 tenebris
420 2113 592 2179 refellenda
613 2115 671 2175 sibi
685 2105 885 2194 proponitll.
941 2115 1033 2178 Haec
1063 2135 1140 2180 varo
1167 2135 1259 2178 com-

159 2231 269 2286 menta
290 2223 370 2284 inter
394 2221 555 2284 Romanos
577 2221 731 2285 latissime
753 2222 918 2304 divulgata
941 2224 1054 2302 tuisse,
1078 2242 1120 2284 ex
1134 2239 1261 2287 sumina

157 2331 215 2396 illa
245 2335 456 2413 auctoritate,
490 2349 551 2414 qua
576 2333 781 2414 Pythagorae
809 2353 921 2396 unomen
950 2333 1034 2414 apud
1057 2351 1115 2396 aas
1138 2332 1255 2409 floruit,

162 2439 276 2502 coniici
295 2439 380 2502 licat.
423 2441 498 2501 Non
521 2439 618 2502 multo
640 2439 768 2502 diversa
783 2449 890 2505 autem
907 2441 1011 2520 opinio
1029 2439 1070 2502 de
1084 2439 1258 2502 animorum

160 2555 390 2629 postmortem
412 2546 486 2608 latis
509 2545 687 2608 Stoicorum
713 2547 780 2610 fuit.
820 2545 977 2624 Quamvis
999 2551 1080 2612 onim
1102 2547 1155 2608 alii
1170 2547 1260 2608 alitor

162 2655 204 2718 dc
225 2655 339 2717 animis
362 2656 557 2737 cogitarent,
581 2663 612 2716 et
636 2655 737 2716 nullus
760 2675 874 2717 corum,
892 2675 953 2717 noo
977 2655 1039 2716 bac
1060 2657 1259 2735 potissimum

159 2764 193 2826 ln
214 2773 309 2846 pnrtc
327 2764 513 2842 fluctuaret,
544 2770 580 2823 ,ct
609 2764 755 2842 quamvis
786 2763 926 2826 iuniores
950 2763 1067 2842 Stoici,
1104 2773 1144 2826 at·
1158 2767 1188 2826 in
1210 2765 1260 2826 lris

160 2869 336 2935 Panaetius
358 2872 529 2953 imprimis,
551 2875 726 2934 animorum
758 2871 1041 2950 immortalitatem,
1083 2871 1148 2936 fata
1185 2881 1260 2951 post

160 2991 307 3062 mortem,
324 2982 550 3044 divitiationom
564 2981 660 3044 valde
676 2980 911 3060 addtrbitareut,
934 2992 1040 3041 tarneu
1055 2979 1136 3040 haec
1156 2981 1259 3060 opinio

161 3105 246 3170 quae
266 3089 556 3170 rib-antiquioribus
578 3087 708 3166 scholae
730 3085 945 3148 sectatoribus
967 3087 1130 3166 repetitur,
1154 3085 1260 3148 multis

159 3199 323 3280 placuisse
344 3195 482 3272 videtur,
503 3196 625 3257 animos
647 3193 803 3256 dissoluto
824 3209 959 3273 corpore
979 3213 1041 3254 non
1066 3195 1173 3256 statim
1191 3195 1261 3257 dis-

161 3307 272 3387 sipari,
293 3304 352 3366 sed
373 3303 416 3367 atl
440 3311 566 3382 tempus
588 3301 744 3384 quoddam
773 3316 960 3382 permanere
991 3310 1021 3362 at
1053 3319 1124 3364 cum
1151 3302 1260 3364 babitu
1340 3338 1343 3342 -

161 3415 293 3496 pristino
319 3421 452 3474 servato
481 3409 714 3491 circumvagari
740 3411 941 3471 etex-aliis
970 3408 1003 3471 iu
1035 3409 1096 3471 alia
1127 3427 1260 3490 corpora

161 3523 309 3604 migrare.
332 3523 425 3584 Sext
451 3519 543 3600 Emp.
568 3519 641 3583 adv.
656 3519 758 3582 ttatb.
781 3519 827 3580 tx
841 3517 974 3579 71-74,
998 3511 1137 3604 (ψυχαὶ)
1158 3515 1261 3580 innuo

37 3635 43 3640 '
160 3626 276 3713 μερεΐς
293 3615 356 3710 γὰρ
377 3611 472 3688 οὖσαι
493 3619 547 3686 καὶ
569 3611 629 3700 οὐχ
648 3609 744 3708 ἧττον
765 3609 930 3707 πυρώδεις
958 3612 978 3705 ἢ
1004 3608 1273 3701 πνευματώδεις,-

163 3725 212 3808 cta
231 3721 307 3807 cutia
324 3722 393 3796 ἄνω
412 3725 535 3810 μᾶλλον
555 3716 678 3804 τόπους
698 3725 969 3813 κοικροφοροῦσιν.
990 3723 1044 3790 καὶ
1065 3729 1142 3790 καθ)
1160 3719 1262 3804 αὑτάς

181 3883 418 3900 m

185 3971 213 4028 l)
232 3973 351 4024 buccatli
371 3977 453 4025 verba
472 3979 503 4024 dt
523 3977 610 4026 littuio
629 3977 822 4038 tuterprouuur
843 3978 1018 4041 Bergltics
1037 3978 1062 4024 in
1082 3977 1258 4026 commentat.

230 4071 263 4117 uc
274 4069 441 4133 Empedoclis
454 4073 591 4134 prooemio
604 4088 627 4134 p.
639 4073 671 4121 nt
686 4074 856 4122 annot—ci.
868 4073 912 4120 llo
922 4071 1045 4134 abiget.
1064 4075 1108 4120 uo.
1120 4081 1145 4120 a.
1158 4071 1260 4134 ttusq.
