2872 4610
623 260 830 327 ..st-

174 455 366 530 tenpestate
391 447 462 514 imo
490 447 564 514 illuc
593 447 735 534 agitatre
762 461 795 512 et
823 449 856 512 in
882 449 964 515 clins
989 464 1118 531 semper
1144 447 1270 514 colors·

177 557 279 620 obeat.
316 558 390 621 lllos
410 572 537 640 quoquc
560 573 679 620 versus
701 560 816 638 repetit
838 575 920 639 quos
939 575 1038 692 tepea
1057 556 1165 618 dixit
1157 577 1188 618 to
1200 558 1270 622 llo·

180 664 316 728 :aetiten
334 672 370 726 et
390 663 535 729 stoicas·

371 771 439 822 Nau
458 771 662 834 quodquomque
678 769 738 820 suis
753 775 883 829 mutatum
899 772 999 825 tinibus
1016 772 1075 824 exit

373 852 510 902 Continuo
529 853 580 902 hoc
598 866 671 901 mors
690 859 730 902 est
748 851 823 902 illins
840 858 910 918 quiid
930 857 980 904 luit
998 862 1070 918 ante,

179 944 474 1025 tandemqne'snam
489 946 678 1007 sententiam
693 945 822 1028 profert,
845 948 913 1008 solo
926 946 1034 1008 ordine
1046 943 1267 1028 principiorum

102 1041 131 1056 ”
180 1061 296 1114 mutato
316 1061 348 1114 et
370 1051 484 1115 additis
506 1055 559 1114 vel
581 1051 694 1115 demtis
716 1053 785 1114 eliis
806 1055 931 1116 colores
952 1057 1030 1126 alios
1053 1075 1093 1116 ex
1108 1055 1177 1117 aliis
1190 1074 1270 1136 pro-

163 1141 241 1221 dire
254 1157 468 1224 etet—772.
492 1159 641 1222 Similiter
653 1179 731 1222 vero
745 1179 784 1223 ac
805 1180 901 1243 supra
924 1165 1090 1244 elementa,
1114 1165 1158 1226 ila
1176 1165 1268 1226 colo-

179 1287 239 1331 rem
261 1275 425 1330 aeternum
450 1271 501 1330 vel
523 1273 664 1330 nativum
687 1269 716 1330 in
746 1270 906 1350 principiis
934 1269 1082 1354 supponit
1105 1281 1136 1332 et
1158 1246 1271 1352 quem}

177 1375 342 1438 admodum
372 1373 412 1438 de
443 1375 597 1442 Heracliti
629 1397 690 1440 uno
723 1379 807 1460 ignis
839 1379 996 1442 elemento
1029 1379 1272 1463 animadvertit,

174 1501 359 1566 quacunque
380 1484 508 1547 tandem
529 1487 652 1547 ratione
676 1485 749 1547 illud
771 1488 1014 1548 commisceatur
1028 1495 1058 1546 et
1075 1485 1269 1566 disponatur,

176 1614 332 1676 nunquam
358 1596 432 1658 indo'
463 1616 565 1658 rerum
600 1597 786 1658 varietatem
817 1616 915 1678 posse
943 1601 1051 1660 enasci
1079 1595 1137 1660 sed
1167 1572 1280 1660 omnia-

103 1701 107 1708 “
172 1701 242 1762 lore
263 1701 385 1782 ignem:
407 1701 449 1762 ita
472 1699 523 1761 hic
544 1701 575 1762 in
596 1719 658 1760 nno
681 1703 787 1763 colore
809 1703 898 1763 velut
922 1705 1016 1763 maris
1034 1705 1181 1764 caeruleo
1199 1691 1279 1766 rno-'

172 1816 239 1889 net,
265 1824 456 1890 quocunqne
479 1805 572 1870 modo
595 1827 682 1869 mare
702 1809 916 1889 perturbetur,
940 1829 1095 1890 nunqnam
1118 1810 1148 1874 id
1166 1811 1195 1872 in
1210 1822 1270 1895 cof

173 1917 272 1978 lorum
296 1919 485 1980 varietatem
507 1916 666 1978 abiturum
694 1937 768 1980 esse
791 1918 1013 1980 tum-775.
1034 1921 1134 1985 Porro
1149 1931 1268 2004 alitem,

173 2034 208 2085 ut
231 2039 326 2104 supra
347 2029 378 2086 in
401 2025 628 2104 Empedoclem
655 2017 712 2106 'qni
734 2025 824 2105 plura
847 2025 1003 2088 elementa
1031 2029 1160 2106 statuit,
1190 2028 1269 2090 dixit

172 2149 214 2196 ex
236 2132 397 2212 particulis
413 2149 495 2213 qnae
508 2125 654 2214 singulae
666 2135 757 2220 suam
770 2141 910 2194 naturam
926 2135 1084 2214 integram
1100 2144 1272 2212 servarent„

170 2246 203 2301 et
225 2237 323 2300 oculis
347 2240 545 2320 exhiberent,
568 2255 621 2302 res
637 2240 736 2302 veluti
750 2258 887 2304 acervos
912 2243 1065 2324 quosdam
1088 2219 1280 2324 prodituros*¹

170 2364 257 2425 esse,
278 2363 413 2407 necros
435 2345 579 2427 singulas
602 2363 745 2428 quasque
768 2348 942 2428 simplicem
958 2368 1050 2411 unam
1068 2359 1100 2410 ot
1112 2325 1280 2430 propriam,

170 2464 313 2518 naturam
334 2469 438 2534 posse
460 2449 640 2532 ostendere,
663 2465 695 2514 et
719 2456 980 2540 utAnoxagorae
1003 2455 1130 2538 obiecit,
1154 2459 1269 2520 nnllam

168 2583 235 2626 rem
261 2570 378 2626 ceriam
401 2579 441 2624 ec
463 2562 622 2623 delinitam
646 2581 740 2622 unarn
764 2580 839 2624 esse
861 2579 959 2643 posse
982 2573 1014 2625 ot
1035 2573 1165 2660 prorsus
1188 2583 1269 2626 con-

170 2671 267 2735 traria
297 2677 393 2754 atque
424 2661 550 2730 inimica
583 2667 721 2728 invicem
756 2685 831 2737 sese
864 2668 1056 2750 dissipatura
1090 2691 1164 2732 csse
1198 2671 1268 2752 [uti

173 2779 361 2844 flammam
354 2801 384 2842 rn
400 2779 489 2864 ligno
512 2779 525 2838 l
548 2763 777 2856 eoa-eoem
803 2775 894 2838 ilasi
918 2777 1015 2838 variis
1038 2777 1192 2840 coloribus
1215 2779 1271 2840 di-

170 2888 285 2950 stincte
322 2897 430 2948 essent
462 2886 605 2966 semina,
643 2887 723 2948 haee
753 2904 906 2966 nunquam
936 2888 967 2947 in
1000 2871 1094 2946 unum
1129 2866 1296 2950 colorem

171 2997 354 3058 consentire
381 3011 495 3074 posse3
529 3013 590 3056 non
623 3011 720 3074 unum
747 3010 856 3074 purum
877 2991 1040 3074 nitorem,
1070 2991 1127 3057 sed
1159 2997 1272 3061 varios

170 3119 298 3182 semper
321 3099 447 3162 colores
472 3105 588 3181 quavis
620 3101 650 3160 in
677 3119 711 3160 re
740 3101 931 3179 conspicuos
959 3099 1045 3178 iore,
1078 3101 1202 3180 colores
1223 3121 1265 3164 cx

171 3187 311 3292 prorsus*
326 3209 494 3270 contrariis
521 3216 553 3268 et
584 3204 642 3268 sibi
671 3203 803 3268 inimicis
834 3209 978 3269 orituros¹
997 3226 1072 3270 esse
1102 3203 1138 3269 ut'
1157 3201 1268 3270 'album

173 3320 311 3381 colorem
333 3337 351 3379 e
373 3317 463 3398 nigro
476 3335 507 3377 v.
519 3314 725 3392 tto-795¹).
749 3317 870 3380 Similis
885 3317 1168 3402 argumentationis
1190 3316 1269 3396 ratio

171 3473 415 3500 't-mm

185 3559 218 3624 1)
238 3562 303 3612 Cam
321 3562 488 3614 Lucretiano
505 3567 665 3628 argumento
684 3565 830 3614 'itis—788
849 3562 993 3625 Epicuriin
1004 3561 1164 3623 compendio
1182 3559 1266 3610 'v'erbtt

238 3663 378 3714 olimpum.
396 3653 476 3718 Diog-
493 3657 518 3704 X
535 3658 580 3704 dd.
606 3657 645 3704 nai
662 3653 708 3722 γάρ
723 3652 753 3704 ἒν
766 3655 829 3712 ’τοῖς
845 3659 909 3722 ’παρ’
928 3649 990 3718 inlu
1012 3651 1272 3717 μετασχηματιζομέμ

235 3765 286 3804 ⁷0¹3
302 3746 367 3797 mo?
390 3747 435 3813 'd'
451 3753 591 3815 προαίρεσιν
607 3747 638 3798 τὸ
653 3747 743 3814 ’σχῆμα
758 3743 904 3812 ἐνυπάρχον
922 3741 1085 3808 λαμβάνεται,
1100 3741 1127 3790 eei
1145 3739 1174 3790 δὲ
1189 3735 1267 3788 notri·-

236 3853 308 3903 τητες
324 3832 369 3887 oriar
385 3835 580 3904 ἐνυπάρχουσαι,
603 3834 683 3906 ὥσπερ
703 3834 799 3897 ἐκεῖνο,
819 3831 849 3884 ori
871 3836 1076 3892 manim'norror,
1099 3828 1151 3880 ἄλλ’
1167 3825 1269 3888 ildico

232 3933 280 3980 τσῦ
297 3926 411 3991 σώματος
426 3924 587 3978 ἀπόλλυνται.
623 3929 748 3991 Figuram
771 3939 838 3988 quae
860 3925 986 3986 eorporis
1003 3923 1132 3984 cuiusque
1157 3921 1270 3982 propria

233 4021 284 4084 sit,
307 4019 437 4084 integram
455 4017 576 4081 servari,
594 4031 687 4082 ouum
701 4031 742 4066 res
760 4016 895 4079 stenelo
912 4017 992 4066 attan
1010 4024 1112 4064 noram
1128 4013 1265 4064 mamiat-
