2872 4610
184 443 627 534 rememoreramus
647 457 840 542 dignosoere
857 459 947 521 iicetr
970 450 1062 522 enirm
1085 453 1127 522 do
1146 452 1286 520 rothem

180 559 222 621 ⁴’ei
241 561 335 624 rien
353 564 384 624 in
405 563 557 625 imbricus
571 565 776 636 coelestibus
792 565 939 644 efficaci,
971 564 1102 626 altorem
1131 561 1172 622 dc
1200 571 1286 622 tem

103 687 108 694 ·
184 671 338 748 tanquam
366 687 472 732 rerum
501 673 641 734 omnium
669 681 771 734 meare
800 691 885 760 qnae
910 673 993 752 parit
1020 681 1052 732 et
1081 671 1140 732 siit
1170 677 1288 730 cuneta

185 777 366 840 monstrem
395 795 536 860 genera3
568 781 693 842 tertiam
722 779 763 842 de
790 797 894 842 rernm
916 781 946 840 in
969 786 1108 858 cognata
1129 776 1288 838 elementa

184 881 395 948 dissolutione
414 896 447 948 et
467 873 621 969 perpetuu
643 889 890 952 commutatione
912 894 945 948 et
967 885 1186 948 conversione.
1224 883 1286 942 (tui

185 997 300 1057 tertiae
320 995 380 1060 hos
401 1013 518 1060 versus
540 1018 581 1060 ex
603 997 762 1079 Euripidis
784 997 883 1058 Inone
904 995 1042 1080 adiungo
1066 1013 1137 1056 cum
1160 993 1287 1054 Lucre-

184 1101 281 1164 tianis
301 1103 451 1166 versibus
471 1105 500 1166 ΙΙ
523 1103 651 1168 73-77
671 1083 754 1188 euos
774 1121 872 1186 supra
894 1103 984 1166 attuli
1005 1098 1217 1168 conferendos
1229 1100 1266 1174 ¹).

416 1217 501 1279 adulor
519 1219 566 1288 yrip
583 1219 657 1280 adeda
672 1226 806 1289 nuendum
822 1237 851 1271 ro
867 1224 911 1290 γῆς
927 1225 1011 1286 porois

418 1318 526 1381 θνητῶν,
537 1334 565 1366 τε
583 1319 665 1386 γέννᾳ·
684 1321 736 1372 τοῖς
753 1315 802 1379 μὲν
820 1310 920 1372 αὔξεται
936 1315 999 1378 ptos,

420 1409 472 1457 τῶν
489 1403 518 1456 di
534 1409 618 1471 patre
636 1424 665 1456 τε
681 1409 722 1456 καὶ
738 1405 862 1470 θερίζεται
879 1401 963 1454 πάλιν.

188 1505 258 1571 Sed
279 1506 450 1570 Lucretius
471 1527 567 1590 quum
583 1504 768 1590 Euripidem
785 1507 922 1568 imitetur
938 1505 1155 1584 Anaxagorae
1171 1499 1290 1580 piaclta

184 1617 394 1696 amplectitun
420 1617 505 1678 Nam
529 1615 698 1696 Euripides
721 1615 752 1675 in
778 1631 878 1676 scena
901 1611 1107 1694 philosophus
1128 1607 1169 1672 ad
1192 1627 1287 1688 prae·

186 1723 328 1802 ceptoris
341 1723 558 1808 Anaxagorae
570 1733 707 1785 mentem
723 1721 1006 1803 philosophrone).
1030 1722 1145 1801 Neque
1156 1725 1289 1812 vetante

190 1827 285 1890 immo
302 1833 408 1910 potius
421 1829 578 1892 suadente
591 1831 744 1910 magistro
759 1849 818 1892 suo
833 1831 968 1910 Epicuro
980 1818 1287 1890 Lucretius'imitari
1318 1857 1324 1874 ·

189 1931 325 1994 videtur.
357 1915 528 2015 Epicurum
556 1936 733 1996 enimcum
761 1934 1140 2017 Anaxagora-imprimis,
1173 1949 1290 2012 quam·

188 2057 282 2123 quern
299 2059 371 2101 eum
395 2039 425 2100 in
447 2041 605 2103 nonnullis
625 2042 870 2122 impugnaverit,
896 2040 1116 2118 consensisse,
1131 2036 1287 2120 Diogenis

187 2145 309 2209 lraertii
325 2149 507 2211 testimonio
524 2148 608 2229 qnod
626 2167 722 2230 supra
737 2157 783 2229 (p.
802 2149 856 2218 18)
877 2148 1029 2230 proposui
1052 2145 1286 2225 comprobetur.

186 2254 331 2316 Eundem
354 2255 450 2317 etiam
473 2256 512 2317 ab
536 2257 684 2338 Euripide
706 2259 880 2320 sententies
902 2239 1080 2322 mutuatum
1103 2276 1176 2320 esse
1196 2257 1288 2318 Sex·-

186 2369 240 2424 tus
259 2361 441 2444 Empiricos
463 2361 609 2438 affirmat,
632 2365 683 2445 qui
705 2373 876 2445 postquam
887 2365 1062 2446 Epicurum
1084 2364 1163 2426 dixit
1183 2364 1288 2444 potis·-

132 2451 141 2467 ’
187 2470 270 2531 sima
296 2467 483 2550 dogmatum
512 2489 641 2532 suorum
664 2490 683 2534 a
707 2476 811 2552 poetis
832 2476 1037 2554 surripuisse,
1059 2473 1120 2534 duo
1143 2491 1184 2534 ex
1205 2471 1288 2550 Epi·

187 2577 319 2640 charmo
341 2583 374 2639 et
396 2578 547 2658 Euripide
577 2581 724 2661 exempla
748 2581 859 2662 affert,
888 2583 1001 2663 quibus
1025 2580 1065 2642 de
1093 2579 1233 2640 moribus
1256 2584 1289 2638 et

184 2684 230 2764 de
263 2695 364 2749 morte
394 2685 574 2768 spernenda
608 2688 747 2750 traditur.
778 2691 871 2772 Sent.
899 2689 991 2769 Emp.
1013 2687 1086 2748 adv.
1110 2683 1285 2772 Gremnrat.

187 2791 296 2856 rm
338 2792 406 2854 Sed
428 2795 458 2853 in
481 2793 622 2874 physicis
645 2797 739 2857 etiem
771 2815 841 2858 curn
864 2797 1014 2878 Euripide
1036 2805 1068 2858 et
1090 2767 1287 2877 Anaxagora

187 2899 338 2980 Epicurei
367 2913 598 2982 comparantur.
642 2903 805 2966 Plutarch.
834 2904 874 2966 de
902 2904 982 2985 piac.
1009 2903 1083 2982 phil.
1111 2903 1142 2964 V
1168 2902 1217 2967 19.
1248 2893 1290 2962 Οἱ

189 2999 269 3089 πἐρὶ
294 2995 494 3089 Ἐπίκουρον,
521 3005 600 3068 καθ’
627 2994 684 3081 οὓς
709 2999 864 3094 ἀγένητος
890 3011 999 3084 (scrib.
1025 2997 1156 3096 γενητὸς
1181 2998 1290 3074 scii.0‘

186 3101 333 3201 κόσμος),
354 3115 587 3205 ἐκμεταβολῆς
599 3111 826 3206 τῆςᾶλλήλων
846 3117 1023 3246 γεννᾶαθαι
1042 3110 1085 3181 od
1100 3115 1178 3194 ζῶα·
1201 3113 1286 3202 μέρη

187 3217 249 3313 γᾶρ
271 3215 354 3290 εἶναι
380 3225 440 3292 τοῦ
461 3217 591 3308 κόσμου’
609 3218 725 3292 τούτου
741 3233 805 3301 8)
821 3218 873 3302 Ὡς
900 3223 966 3289 καὶ
979 3214 1205 3308 Ἀναξαγόρας
1234 3217 1289 3286 καὶ

188 3325 382 3420 Εὐριπίδης·
405 3324 565 3420 educerer
580 3333 633 3412 (δ’
645 3325 797 3416 ouddm)
799 3356 869 3396 rsw
869 3323 981 3415 μειβόγ
982 3355 1049 3396 revoc
1062 3329 1099 3396 δὲ
1110 3323 1191 3396 α’λλο
1204 3320 1290 3416 πρὸς

188 3433 286 3524 ἄλλο,
308 3463 441 3528 μορφας
461 3435 614 3524 ε”δειξεναι
658 3443 857 3507 Sententiam
880 3441 1012 3504 eandem
1035 3442 1211 3522 fragmento
1235 3440 1286 3501 iiio

188 3551 352 3634 Euripidei
377 3551 548 3636 Chrysippi
571 3572 591 3616 a
611 3554 761 3616 Lucretio
793 3571 948 3637 expresso
970 3553 1123 3615 contineri
1120 3561 1288 3632 apertum

195 3685 444 3701 m

209 3753 242 3823 1)
259 3759 393 3823 Eartung.
411 3761 530 3822 Euripid.
548 3760 667 3812 restitut.
684 3773 709 3822 p.
727 3759 794 3810 460.
846 3755 881 3822 Β)
899 3727 1082 3820 Veterensem
1101 3754 1186 3804 Diatr.
1198 3741 1228 3804 ἀ.
1239 3752 1285 3803 87.

205 3846 240 3915 8)
257 3849 396 3902 Plutarchi
414 3853 497 3902 verbe
512 3856 546 3908 uo
563 3856 717 3915 corruptum
735 3856 763 3902 et
780 3849 921 3905 intellectu
938 3845 1070 3898 difficilem
1079 3846 1169 3898 locum
1183 3845 1209 3894 in
1221 3844 1286 3906 Epi-

256 3953 339 3992 cureo
357 3942 515 4006 compendio
533 3943 612 4006 Diog.
628 3944 702 3996 xrs
719 3941 906 4006 explicandum
926 3939 1037 3988 faciunt.
1058 3935 1117 3984 vid.
1134 3934 1292 3996 §concidere

254 4038 349 4082 annot.
367 4033 401 4083 ad
420 4046 444 4083 c.
462 4036 509 4084 43.
