2872 4610
170 1249 361 1349 Epicurum
391 1263 518 1352 scimus
540 1241 723 1322 eotantum
751 1250 882 1316 consilio
909 1247 1076 1332 physicam
1105 1257 1274 1330 tractasse,

171 1383 208 1438 ut
242 1374 375 1436 deorum
410 1379 442 1433 et
475 1369 574 1430 vitae.
597 1371 670 1448 post
702 1370 835 1425 mortem
867 1363 1013 1446 timorem
1042 1359 1202 1420 hominum
1233 1375 1276 1418 ex

170 1485 285 1546 animis
306 1481 484 1563 expelleret
507 1485 540 1540 et
561 1475 757 1555 voluptatem
780 1488 936 1532 summurn
958 1467 1073 1530 bonum
1096 1485 1171 1528 esse
1193 1484 1274 1527 corr-

170 1590 313 1652 firmaret
334 1590 371 1662 ¹).
424 1584 512 1647 Idem
546 1589 652 1644 autem
682 1595 779 1660 quum
807 1595 827 1638 a
852 1593 932 1637 vero
964 1572 1071 1635 studio
1104 1582 1136 1636 ct
1164 1591 1294 1634 euitarev

171 1715 277 1758 rerum
305 1701 451 1756 naturum
482 1686 666 1769 explorandi
696 1683 811 1746 fuisset
832 1683 976 1759 alienus,
1005 1680 1036 1741 iu
1059 1679 1192 1762 physica
1214 1679 1276 1742 do·

172 1805 272 1865 ctrina
294 1818 313 1862 a
335 1795 519 1862 Democrito
540 1803 669 1873 recepta
691 1811 765 1872 non,
788 1798 822 1851 ut
845 1788 887 1852 de
909 1788 960 1849 illo
982 1785 1107 1868 quidem
1136 1795 1275 1870 constat,

173 1911 214 1972 de
236 1911 370 1992 siugulis
391 1908 488 1968 rebus
503 1903 648 1966 omuibus
661 1901 791 1964 videtur
813 1899 992 1981 quaesiisse
1014 1906 1047 1959 et
1069 1913 1206 1960 caussas
1221 1889 1285 1960 ree.

125 2018 127 2022 ’
176 2017 322 2080 conditas
342 2015 535 2096 indagasse,
557 2010 616 2074 sed
638 2010 767 2072 omissis
788 2009 909 2070 ceteris
929 2006 1074 2068 omnibus
1097 2006 1127 2066 in
1149 2007 1197 2067 eis
1217 2025 1277 2071 ac·

174 2121 356 2206 quievisse,
390 2139 473 2202 quae
500 2118 542 2180 ad
572 2112 842 2178 consiliumillud
872 2111 1010 2174 maxime
1033 2111 1277 2190 spectarent).

166 2231 240 2300 ,Sed
261 2234 441 2315 Epicurus,
474 2244 665 2312 quamquam
693 2219 930 2307 angustioribus
958 2217 1073 2280 fluibus
1101 2219 1275 2282 doctrinam
1298 2301 1303 2314 ἢ

177 2385 426 2399 m

190 2480 222 2544 1)
240 2481 320 2545 Diog.
337 2481 430 2531 baert.
448 2481 472 2529 X
493 2478 554 2531 142.
1055 2549 1058 2554 Ι

192 2571 227 2638 2)
249 2571 421 2638 Democritus
454 2570 605 2629 (laudatus
636 2568 780 2621 Aristoteli
810 2571 842 2618 de
874 2581 936 2632 geu.
970 2571 999 2617 et
1030 2579 1102 2618 corr.
1134 2567 1147 2616 l
1171 2565 1215 2630 2)
1248 2563 1275 2614 in

243 2661 308 2725 ipsis
326 2674 417 2712 rerum
435 2660 526 2710 causis
543 2660 562 2710 i.
580 2675 604 2712 e.
622 2660 718 2709 atomis
744 2658 909 2722 explicandis
935 2657 1144 2720 definiendisque
1167 2655 1271 2720 puriori

238 2751 338 2804 mentis
362 2753 512 2816 cognitioni
537 2753 731 2802 auctoritatem
755 2751 898 2814 plurimam
920 2749 1071 2810 adscripsit.
1106 2749 1180 2798 Sext.
1198 2749 1275 2808 timp.

245 2845 308 2893 adv.
326 2845 412 2894 blatii.
430 2845 481 2894 vn
500 2845 564 2894 138.
598 2845 668 2894 Nam
685 2843 765 2893 atomi
784 2843 830 2892 vel
846 2853 964 2903 corpora
981 2839 1044 2888 sola
1061 2839 1210 2901 quantitate
1225 2839 1243 2888 i.
1253 2853 1276 2887 e.

243 2933 424 2997 magnitudine
441 2940 467 2984 et
484 2921 574 2998 t'igura
590 2935 659 2984 iuter
675 2947 705 2982 se
722 2933 850 2984 distincta
873 2931 935 2980 nibil
961 2932 1020 2980 lere
1042 2929 1168 2980 ditlerunt
1185 2945 1202 2980 a
1218 2944 1279 2980 ma·

243 3025 446 3075 thematicorum
472 3025 569 3088 figuris
594 3037 649 3075 non
673 3037 754 3074 sensu
772 3027 819 3074 sed
837 3027 924 3074 mente
942 3023 1150 3086 comprehensis.
1185 3019 1277 3086 Quare

245 3117 279 3164 ab
305 3116 366 3177 ipso
394 3117 546 3166 Democrito
569 3117 652 3166 atomi
675 3113 738 3166 idem
763 3117 916 3180 appellatae
940 3122 1013 3166 sunt.
1048 3117 1107 3166 lloc
1127 3119 1218 3164 autern
1243 3127 1279 3166 ex

247 3205 304 3256 eius
322 3207 486 3270 scriptorum
504 3221 616 3259 recensu
628 3209 780 3274 colligitur,
797 3211 991 3262 mathematicis
1002 3207 1277 3258 demonstrationibus

241 3297 354 3346 multam
380 3310 488 3359 operam
513 3312 572 3348 eum
593 3311 722 3349 navasse.
756 3299 899 3350 litandis
926 3299 1022 3350 Gescb.
1039 3295 1064 3346 d.
1083 3296 1151 3346 Pbil.
1178 3297 1273 3348 1299.

241 3386 308 3436 802.
342 3388 415 3436 idem
442 3387 469 3436 in
495 3389 594 3438 Museo
617 3391 701 3439 ithen.
719 3389 755 3438 lll
781 3390 807 3439 1.
825 3403 851 3450 p.
870 3389 935 3438 137.
969 3388 1102 3438 Mullach.
1128 3385 1275 3438 Democriti

242 3475 341 3538 fragm.
359 3487 384 3536 p.
403 3474 466 3524 105.
500 3476 636 3538 Epicurus
654 3490 736 3542 vero,
759 3477 803 3540 qul
822 3489 924 3527 omnem
942 3475 1130 3526 auctoritatem
1149 3475 1274 3524 sensibus

242 3564 404 3613 attribueret
421 3569 448 3614 et
464 3567 663 3618 mathematicas
682 3568 848 3629 disciplinam
868 3573 898 3616 ut
914 3579 1143 3629 supervacaneam
1161 3555 1276 3628 respue'-v

242 3657 301 3718 ret,
319 3665 432 3703 caussas
446 3666 537 3704 rerum
554 3657 711 3706 accuratius
729 3657 873 3720 indagandi
891 3655 961 3705 vlam
980 3656 1037 3720 ipsa
1054 3654 1104 3704 sibl
1122 3655 1278 3717 praeclusit.

246 3741 405 3792 assuendus
422 3743 454 3790 Τ.
473 3742 498 3791 V
525 3756 551 3804 p.
568 3733 643 3792 228.
667 3745 778 3794 llercul.
799 3745 910 3794 Votum.
927 3745 967 3794 lV
991 3747 1077 3808 praet.
1094 3758 1121 3806 p.
1139 3745 1183 3798 111.
1204 3736 1278 3795 Unde

246 3843 369 3881 caussam
387 3843 436 3880 cur
453 3829 602 3892 Epicureus
613 3833 756 3886 Lucretius
777 3833 872 3894 paucis
891 3836 994 3882 tantum
1012 3839 1118 3882 atomos
1136 3847 1279 3896 earumque

243 3921 347 3984 figuras
364 3922 393 3970 ln
410 3920 529 3984 singulis
547 3923 627 3972 rebus
645 3921 770 3972 diversas
788 3923 937 3988 definierit,
954 3925 1073 3988 intelligi
1090 3925 1163 3976 licet.
1182 3927 1207 3976 ll
1223 3927 1277 3976 881

246 4011 344 4063 -dim
361 4013 397 4064 ci.
415 4013 561 4064 Democrit.
578 4015 676 4080 fragm.
694 4016 736 4065 ed·
754 4015 884 4064 htuilaclr.
903 4028 929 4076 p.
946 4015 1002 4063 sto
1019 4028 1077 4077 sqq.

1049 4113 1062 4172 1
