2872 4610
190 432 239 486 tur
257 423 272 488 l
287 423 411 508 aeosq.
433 425 599 492 Lucretius
614 429 740 520 enimin
754 429 899 516 frugibus
913 439 1033 496 tantum
1052 429 1148 501 abeat
1170 435 1206 492 ut
1226 445 1287 490 ve·

191 534 291 615 stigio
312 533 478 615 sanguinis
499 544 533 598 et
553 537 614 600 alia
635 546 761 620 poscat,
785 549 821 604 ut
842 558 881 604 ea
898 557 1027 622 prorsus
1040 546 1151 620 neget,
1173 555 1288 620 quarn·

190 640 241 702 vis
262 657 304 702 ex
325 640 386 704 illis
408 647 543 726 sanguis
566 646 787 710 nutrimentum
808 649 924 730 capiat.
947 649 1166 730 Anaxagorae
1182 654 1288 708 autem

189 755 381 816 senteutiam
409 765 635 819 commemorat
656 757 851 820 Aristoteles
881 757 921 820 de
952 775 1062 842 gener.
1084 755 1177 820 auita.
1200 757 1216 819 1
1240 755 1288 818 18.

188 877 218 944 p.
238 859 313 941 723,
326 859 366 942 ,6.
395 847 621 946 Ἀναξαγόρας
646 859 707 944 μὲν
733 852 795 948 γαρ
822 851 963 948 εὐλόγως
989 859 1078 949 φησὶ·
1102 850 1226 946 σάρκας
1250 855 1286 925 ἐκ

186 965 248 1055 τῆς
267 965 393 1053 τροφῆς
413 967 584 1055 προσιέναι
604 973 679 1046 ταῖς
699 966 825 1056 σαρξὶν.
846 970 914 1036 κτλ.
937 974 1038 1037 Porro
1059 973 1187 1054 singula
1202 973 1289 1054 prin·

188 1079 270 1161 cipis
292 1095 391 1163 sensu
409 1079 553 1160 praedita
575 1101 634 1164 pro
662 1085 741 1146 totis
770 1082 957 1146 animalibus
986 1080 1090 1150 habet.
1132 1081 1185 1142 lix
1210 1080 1286 1143 tutia

185 1195 292 1250 antem
314 1186 504 1250 animalibus
534 1186 617 1268 quod
649 1199 858 1272 componatur
888 1209 951 1255 non
972 1207 1068 1254 urrurn
1090 1185 1203 1250 animai
1226 1185 1286 1250 sed

184 1295 305 1377 vulgus
330 1304 363 1358 et
391 1295 515 1360 turbam
543 1293 663 1358 diversi
694 1295 822 1378 geneda
854 1296 1057 1361 animantium
1088 1295 1159 1357 fure
1190 1293 1286 1359 ducat

185 1399 218 1462 ll
240 1400 425 1466 ant-ata
442 1403 477 1475 ¹).
521 1402 582 1469 Cui
612 1412 801 1486 argumento
830 1422 872 1466 rx
900 1404 1152 1472 adversariorum
1179 1412 1287 1468 mente

186 1507 264 1570 iliud
286 1507 441 1590 adiungit,
462 1511 555 1590 quasi
576 1527 617 1570 ex
639 1527 702 1574 non
723 1527 822 1572 seusu
844 1512 1051 1576 mutabilitate
1074 1510 1208 1593 quadam
1230 1513 1283 1574 iu·

182 1627 233 1682 ter
255 1627 376 1698 partum
399 1637 516 1683 sensus
538 1628 722 1700 procreetur
745 1639 777 1685 v.
801 1620 864 1682 ΘΜ
905 1619 978 1684 944.
1013 1620 1152 1702 Opponit
1174 1629 1283 1683 autern

175 1724 267 1788 idem
279 1725 363 1807 quod
373 1735 448 1791 ante
461 1725 677 1808 descripserat
689 1727 870 1810 exemplum
882 1725 922 1790 de
943 1747 1047 1792 rerum
1070 1726 1283 1804 conversione

179 1840 216 1894 et
237 1842 327 1897 certa
347 1834 380 1896 .vi
401 1831 542 1898 foederis
562 1836 709 1913 partium.
732 1835 932 1916 Sententiae,
955 1852 1036 1916 quae
1055 1832 1277 1914 interpretibus

182 1941 330 2005 omuibus
362 1959 516 2023 perquam
546 1942 689 2006 diiiieilis.
714 1942 788 2005 visa
808 1951 874 2024 est,
907 1941 1099 2024 peculiarem
1127 1941 1280 2027 rationem

180 2058 295 2131 postea
317 2049 503 2115 enucleabo.
547 2051 760 2130 Anaxagorea
780 2065 892 2110 rursus
920 2049 999 2113 ratio
1025 2067 1068 2110 ex
1095 2047 1159 2112 hoc
1179 2065 1279 2130 argu-

180 2165 288 2219 mento
321 2159 496 2236 conspicua
524 2157 569 2220 lit.
629 2159 666 2222 si
694 2158 841 2220 animalia
869 2176 897 2220 e.
916 2157 1080 2238 principiis
1109 2155 1277 2225 sensilibus

176 2265 231 2326 vel
260 2281 323 2328 ress
343 2263 464 2326 similes
490 2265 683 2330 esimiiibus
703 2267 927 2348 gignerentur,
955 2283 1091 2327 necesse
1113 2281 1188 2326 esse
1214 2263 1278 2324 ho-

101 2362 108 2376 ’
171 2374 277 2441 mines
304 2381 453 2438 constare
485 2394 504 2438 e
536 2376 696 2457 principiis
723 2394 808 2458 quae
838 2377 908 2457 ipsa
929 2373 1078 2452 riderent,
1100 2375 1276 2454 plorarent,

177 2481 454 2563 ratiocinaremur,
476 2482 518 2548 de
538 2484 671 2548 mistura
686 2468 790 2548 rerum
806 2483 910 2566 deque
927 2503 966 2548 se
977 2485 1059 2566 ipsis
1075 2483 1278 2553 dissererent.

171 2591 220 2654 nt
240 2593 394 2673 principia
413 2593 485 2674 ipsa
496 2611 538 2656 ex
551 2595 620 2656 aliis
632 2595 790 2656 similibus
806 2594 1026 2676 componenda
1044 2612 1122 2656 esre
1142 2593 1276 2675 indeque

177 2714 366 2778 processum
387 2699 418 2761 in
440 2698 593 2768 inlinitum
607 2699 906 2764 loreum-titii.
930 2702 1077 2781 Denique
1097 2700 1157 2766 sub
1180 2701 1275 2776 linem

173 2801 398 2884 disputationis
420 2806 594 2887 praeclaris
615 2809 762 2879 versibus
783 2810 898 2890 repetit
918 2817 1139 2891 argumentum
1163 2809 1203 2870 de
1219 2827 1275 2870 res·

172 2925 241 2968 rum
277 2910 309 2970 in
337 2919 450 2972 natura
480 2916 728 2974 commutatione
754 2922 788 2976 et
815 2915 1041 2978 elementorum
1070 2913 1211 2976 aetheris
1240 2921 1278 2975 et'

172 3019 277 3076 terrae
299 3015 456 3076 connubio
479 3035 511 3078 v.
533 3017 732 3090 minitrat,
754 3020 796 3083 ci.
817 3039 850 3080 v.
864 3018 1042 3083 stt—eet.
1064 3019 1275 3085 1251-266.

254 3123 319 3184 lam
342 3120 382 3184 ad
405 3121 537 3184 alterum
560 3123 644 3204 quod
665 3125 846 3208 significavi
864 3125 1026 3188 diversum
1042 3143 1147 3210 genus
1169 3135 1288 3208 argu-².

193 3339 227 3406 i)
245 3345 349 3395 Versus
372 3347 530 3400 cia-aaa
547 3349 645 3412 optima
671 3351 864 3415 interpretatur
890 3355 1064 3420 (inscendas,
1089 3354 1167 3405 cuius
1189 3355 1273 3406 verba

239 3431 384 3487 Creeetdus
402 3440 518 3501 recepit:
536 3438 632 3505 senia,
652 3442 714 3492 licet
731 3446 904 3495 admittantur
914 3453 942 3496 et
951 3447 1026 3510 quasi
1039 3447 1168 3496 animalia
1176 3449 1202 3496 et
1217 3445 1269 3494 lm·

184 3515 186 3523 ⁴
235 3525 359 3576 mortalia
378 3529 467 3592 simul,
486 3535 541 3579 tum
559 3529 661 3582 nulium
673 3521 848 3599 'animalium
867 3533 958 3598 qualia
976 3537 1027 3585 iam
1045 3536 1175 3586 visuntur
1191 3535 1266 3598 gigni

181 3625 185 3628 ·
233 3617 341 3680 poterit,
353 3617 400 3668 ‘sul
416 3619 522 3669 scilicet
538 3622 656 3684 generis,
674 3623 840 3673 coalitumve
855 3625 881 3674 iu
895 3625 1115 3701 uuamspeciau15
1132 3627 1179 3674 sed
1189 3637 1269 3676 acer-

234 3719 284 3756 vus
308 3709 480 3760 solummodo
505 3717 533 3760 et
548 3711 695 3777 {congeries
717 3715 854 3766 variorum
879 3716 1130 3766 animalculorum«
1165 3717 1271 3766 Versus

237 3797 293 3850 aaa
321 3813 432 3862 prorsus
455 3802 543 3864 inepte
560 3805 666 3854 additus
687 3807 722 3855 ad
737 3805 824 3856 simile
845 3805 891 3856 sed
907 3807 1058 3858 seiunctum
1082 3813 1270 3871 argumentum

230 3905 257 3942 v.
276 3891 420 3942 vid-aiii
440 3895 564 3955 pertinet.
582 3893 769 3945 Wakefieldus
786 3908 900 3957 quocum
920 3899 1050 3963 iiorbiger
1067 3901 1143 3962 fucit,
1163 3911 1269 3950 versum

226 3983 311 4034 nimis·
323 3983 471 4034 amificlosa
488 3983 714 4047 interpretatione
732 3988 858 4039 defendit.
