2872 4610
533 301 846 370 'na-

190 463 315 552 mantia
335 511 355 554 a
376 492 525 556 sensibus
546 495 654 576 petitis
675 495 749 560 iliud
773 495 898 579 quidem
919 494 1015 560 latins
1036 503 1144 580 patet,
1176 467 1292 578 singuss

197 597 248 658 les
268 615 525 682 sensuscomper
538 611 614 684 apta
635 613 670 668 et
685 603 907 668 conuenientia
929 623 972 669 ex
993 605 1087 668 rebus
1108 607 1140 672 in
1154 623 1192 668 se
1205 606 1292 670 reci-

186 725 280 788 pere.
302 709 634 776 inuniversunrenirn
644 713 819 778 liuoretins
838 715 869 776 in
891 713 968 778 libro
983 713 1211 797 ,itata-art,
1235 710 1289 778 nbi

188 816 360 898 ‚praeclaro
383 815 531 900 exemplo
553 819 700 884 diversas
730 832 806 884 esse
835 831 1012 886 atomorum
1035 821 1156 904 liguros
1186 821 1292 906 docet,

194 920 239 987 da
256 927 445 990 animalibus
465 927 548 992 haec
569 930 709 1012 profert:

677 1065 726 1131 ita,
743 1067 814 1129 quod
832 1069 931 1118 natura
948 1069 1077 1134 reposcit,

377 1155 420 1204 nd
430 1155 490 1206 'aaa
505 1153 689 1220 quisqneirre
705 1159 852 1209 decurrunt
868 1161 954 1212 ubera
968 1161 1061 1214 lactis.

194 1267 356 1338 Graviora
377 1275 459 1339 haec
480 1289 554 1341 sunt
576 1279 616 1342 de
636 1279 734 1345 odoro
756 1283 805 1346 lV
824 1283 1000 1350 osa-689.

401 1415 448 1464 Sic
464 1415 545 1466 alieis
563 1416 633 1468 alius
651 1417 731 1469 nidor
747 1419 827 1470 datus
845 1418 878 1470 ad
895 1433 945 1471 sua
962 1435 1090 1484 quemque

394 1505 496 1554 Pabula
514 1505 598 1571 ducit,
616 1511 643 1556 et
660 1521 678 1557 a
695 1511 766 1558 tetro
783 1509 891 1559 resilire
910 1521 1014 1560 veneno

396 1593 493 1660 cogit-3
511 1598 699 1664 ecquomodo
716 1583 875 1650 aernonlm·
891 1601 972 1651 recto
988 1599 1134 1666 sauram.

199 1715 288 1800 lirgo
310 1717 395 1798 quod
425 1717 673 1800 unumquodque
700 1721 844 1780 animans
865 1719 899 1780 vi
926 1716 1062 1801 quadarn
1090 1724 1146 1780 aut
1170 1715 1297 1797 propria

131 1819 134 1823 ’
198 1841 260 1886 sua
283 1831 394 1886 natura
416 1825 605 1907 impellatur,
630 1833 664 1885 ut
692 1823 917 1886 convenientia
937 1825 1001 1886 sibi
1017 1845 1059 1886 ex
1080 1823 1174 1886 rebus
1193 1824 1299 1905 capiat

198 1940 231 1995 ct
252 1932 356 1994 aliena
376 1933 512 2011 reliciat,
535 1931 566 1992 in
587 1952 626 1992 eo
646 1949 794 1994 caussam
817 1931 1020 1994 animantium
1043 1929 1299 1994 conservationis
1363 1933 1366 1943 '

200 2029 386 2102 collocatam
411 2059 488 2102 esse
512 2040 687 2130 arbitratur.
708 2039 743 2100 ld
766 2055 844 2101 vero
866 2057 928 2100 non
949 2039 1051 2099 solum
1073 2039 1105 2098 in
1126 2038 1298 2102 animanti-

199 2145 259 2208 bus
282 2149 490 2228 conspicuum
514 2167 590 2210 esse
601 2147 689 2239 dicit,
710 2145 768 2208 sed
792 2146 886 2207 etiarn
909 2145 940 2207 in
961 2145 1056 2207 rebus
1066 2145 1209 2208 omnibus
1222 2149 1297 2209 lna-

197 2255 301 2318 nimis.
331 2241 374 2318 dt
396 2257 493 2319 certis
514 2256 639 2337 quidem
661 2253 890 2343 verbisrpoeta
910 2264 1043 2318 naturae
1063 2258 1166 2336 legem
1189 2257 1295 2340 signi-

197 2361 272 2424 ficat
293 2383 350 2445 per
372 2365 478 2427 mundi
498 2384 551 2427 ros
574 2384 685 2427 omnes
709 2367 927 2446 pertinentem.
949 2365 1067 2430 11709
1089 2384 1160 2447 sqq.

404 2502 456 2549 Sed
474 2514 508 2550 ne
525 2501 596 2551 forte
614 2506 692 2562 putes
709 2497 837 2548 animalia
854 2497 917 2547 sola
935 2497 1022 2548 teneri
1140 2571 1143 2578 Ι

401 2591 522 2656 Lepidm
539 2593 590 2657 iris,
607 2591 736 2654 quaedam
755 2590 825 2642 ratio
844 2589 1009 2638 disterminat
1026 2585 1138 2640 omneis.

201 2713 250 2774 lta
271 2720 392 2796 autern,
419 2730 514 2794 quum
532 2712 704 2775 contendat
725 2731 786 2773 non
805 2709 908 2772 omnia
927 2727 998 2770 cum
1020 2707 1162 2770 omnibus
1179 2724 1300 2768 conne-

200 2820 245 2880 cti
263 2838 373 2900 posse,
398 2807 544 2900 portenta
564 2819 655 2905 uelut
674 2819 843 2881 semiferas
865 2817 1023 2880 hominum
1039 2815 1176 2896 species,
1192 2815 1298 2877 aiiain

201 2928 316 2990 mundo
338 2929 408 2990 oriri
431 2947 529 3010 posse
551 2938 650 3011 negat
671 2936 703 2991 et
726 2945 778 2989 res
801 2943 910 2987 omnes
933 2923 1007 2986 dicit
1024 2931 1112 2986 ceria
1125 2930 1158 2983 et
1172 2922 1299 2985 delinita

198 3037 325 3118 generis
347 3035 396 3098 sui
419 3036 598 3098 discrimina
619 3051 821 3098 conservare.
844 3035 874 3094 it
894 3033 960 3095 700
974 3052 1043 3117 sqq.

341 3170 461 3235 Quorum
480 3171 520 3220 nil
537 3171 595 3220 fieri
612 3171 784 3222 manifestum
803 3173 860 3218 esta
878 3155 968 3220 omnia
985 3167 1092 3232 quando

337 3261 488 3312 Seminibus
505 3263 588 3312 certis
607 3268 684 3312 certa
699 3262 838 3326 genetrice
856 3266 949 3310 creata

338 3353 510 3402 conservare
527 3367 613 3417 genus
631 3355 783 3405 crescentia
800 3367 879 3416 posse
897 3355 1027 3406 videmus.

286 3479 451 3560 Duplicem
481 3481 577 3564 igitur
599 3479 752 3541 rationem
766 3521 776 3559 ,
806 3477 846 3539 ad
876 3496 971 3560 quam
993 3476 1121 3560 singula
1152 3477 1302 3560 graviora
1407 3479 1419 3504 ²

204 3595 392 3667 argumenta
415 3596 620 3668 revocantur,
643 3588 704 3650 ianr
732 3589 843 3670 paucis
864 3589 906 3648 ita
929 3585 1199 3668 comprehendere
1219 3586 1301 3648 lice·
1419 3655 1420 3658 Ἴ

202 3692 261 3756 bil:
285 3692 315 3754 in
339 3701 449 3754 tratura
472 3709 533 3752 non
556 3693 660 3755 omnia
682 3696 713 3777 in
736 3695 880 3778 omnibus
902 3696 1009 3755 insunt
1026 3711 1086 3752 nec
1106 3693 1208 3753 omnia
1232 3709 1301 3754 cnm
1403 3712 1421 3760 ε

205 3803 349 3881 ominibus
378 3803 628 3884 coniunguntur3
655 3804 714 3867 sed
744 3823 797 3866 res
820 3823 930 3865 omnies
951 3805 1128 3886 generatim
1152 3795 1183 3864 et
1205 3804 1302 3864 certis
1407 3884 1412 3893 Ι

203 3910 329 3994 quidem
355 3922 485 3974 naturae
513 3921 546 3974 et
572 3913 733 3990 facultatis
761 3911 990 3974 discriminibus
1018 3919 1099 3976 iuter
1127 3933 1165 3976 se
1188 3914 1304 3976 distin·

202 4029 360 4100 guantur;
381 4038 491 4082 omnes
512 4038 555 4080 ex
576 4019 697 4082 eisdem
720 4021 893 4082 seminibus
916 4022 1112 4101 compositae
1133 4029 1219 4101 sunt,
1242 4019 1302 4082 sed
