2872 4610
612 290 820 356 ..55-

156 484 264 547 nutrix
287 493 375 564 terra
399 469 511 564 primis
531 483 710 549 homiuibus
728 481 917 562 praebuerit,
927 481 1039 542 riirrot
1052 479 1219 542 Lucretius
1243 479 1273 542 V

160 591 227 656 8⁰⁹
247 607 323 674 sno·

153 935 160 956 ἒ
244 955 289 1019 Ut
314 954 455 1020 Lucretii
479 959 681 1023 describendi
710 971 742 1024 ot
772 957 1014 1045 argumentandi
1043 960 1123 1023 ratio
1146 959 1272 1041 planius

155 1065 391 1148 cognoscatur,
414 1071 454 1132 ad
471 1091 539 1132 eam
554 1071 733 1158 Epicureae
748 1071 909 1133 doctrinae
932 1078 1053 1151 partem
1076 1065 1271 1131 accedamus

160 1169 301 1236 necesse
330 1187 399 1256 est,
433 1198 496 1259 qua
525 1177 564 1240 de
586 1183 681 1242 animi
711 1189 824 1240 natura
856 1190 888 1242 et
919 1178 1110 1240 mortalitate
1132 1175 1272 1240 docetur.

157 1278 269 1343 liuius
291 1293 395 1346 antem
419 1285 516 1365 partis
537 1296 604 1347 tota
627 1287 677 1347 vis
701 1297 732 1349 et
754 1285 900 1370 gravitas
922 1306 964 1349 ex
986 1283 1098 1346 eodem
1120 1283 1174 1344 illo
1190 1282 1270 1362 14]ρί-

158 1385 283 1467 cnri'et
310 1391 455 1454 Lucretii
477 1394 610 1455 consilio
633 1390 820 1456 deducenda
844 1402 906 1474 est,
930 1412 993 1474 quo
1016 1391 1151 1453 numinis
1174 1389 1271 1452 «livini

159 1499 334 1578 potentiam
359 1509 390 1560 et
413 1499 642 1581 providentiam
666 1503 695 1562 in
721 1501 836 1563 mundo
860 1511 892 1562 et
914 1501 1008 1562 rebus
1030 1501 1141 1562 tollere
1164 1501 1268 1562 conati

161 1613 246 1664 sunt.
292 1605 387 1684 Quod
420 1611 583 1671 consilium
614 1614 644 1671 in
679 1610 874 1691 argumentis
898 1629 981 1691 quae
1007 1627 1105 1690 snpra
1135 1611 1271 1688 exposui

165 1713 230 1774 talo
253 1715 353 1776 fnisse
381 1717 538 1800 indicavi,
572 1728 604 1779 nt
636 1720 705 1799 ipso
733 1720 833 1799 primo
863 1717 1011 1795 decreto,
1043 1716 1127 1797 quod
1157 1713 1274 1778 nihilo

162 1819 261 1883 nihilo
286 1823 376 1886 tieret
406 1835 437 1886 et
467 1844 519 1886 ros
549 1846 693 1908 quaeque
715 1821 746 1888 in
769 1836 878 1888 natura
900 1825 919 1886 'o
941 1835 1029 1889 certo
1052 1824 1174 1886 semine
1195 1839 1272 1902 pro-

155 1927 269 2000 diret,
301 1929 430 1990 deornm
463 1941 653 2011 potestatem
688 1942 721 1994 et
753 1937 816 1993 vim
846 1933 874 1992 in
905 1936 1048 1992 tiatorem
1080 1929 1273 2007 refutarent3

164 2033 280 2097 aloitide
312 2023 394 2098 'vero
424 2035 625 2101 defendendo
655 2040 724 2101 solo
757 2060 890 2120 corporo
919 2048 952 2099 et
983 2055 1089 2100 vacuo
1107 2025 1271 2119 ⁸tanquam

162 2128 254 2204 veris
276 2159 380 2205 rerum
404 2147 576 2228 principiis,
599 2155 631 2207 et
653 2145 865 2211 describenda
888 2148 1007 2210 infinita
1030 2165 1195 2227 corporum
1210 2163 1270 2208 co-

163 2251 217 2331 pia
241 2259 445 2334 motuumque
473 2254 618 2317 libertate
639 2267 671 2318 et
693 2276 796 2317 rerum
826 2257 1056 2337 compositione
1076 2251 1117 2316 ad
1140 2256 1274 2316 naturae

163 2357 270 2440 legem
294 2363 548 2436 convenientiae,
573 2364 696 2424 tertiam
722 2381 879 2444 quamquo
902 2381 1049 2424 caussam
1072 2371 1103 2423 et
1126 2379 1218 2424 omne
1240 2362 1270 2423 in

162 2475 275 2528 natura
298 2475 448 2551 tanquam
474 2489 627 2551 movens,
652 2469 811 2548 efficiens,
837 2469 1010 2551 disponens
1031 2469 1216 2550 principium
1240 2473 1272 2531 et

165 2571 395 2635 necessitatem
418 2581 548 2658 {negare
577 2575 759 2656 studerent3
790 2573 926 2655 denique
956 2574 1184 2652 animadverti,
1213 2591 1272 2636 eos
1319 2629 1324 2634 .

166 2680 336 2760 praecipue
359 2684 455 2743 etiam·
477 2701 579 2743 rorum
603 2683 737 2743 omnium
761 2683 790 2743 in
814 2692 924 2743 natura
945 2689 1131 2761 perpetuum
1151 2680 1271 2742 lluxum

165 2797 199 2848 et
209 2785 425 2868 ‘fragilitatem
450 2797 602 2868 notasse,
626 2808 688 2870 quo
710 2787 789 2849 deos
810 2807 829 2849 a
851 2787 967 2850 mundo
991 2796 1023 2848 et
1045 2785 1141 2847 rebus
1163 2794 1271 2848 remo'-

166 2903 290 2956 vetent.
322 2897 356 2956 ln
380 2892 457 2956 solis
471 2895 652 2958 huiusmodi
675 2906 780 2959 antem
798 2903 930 2958 naturae
952 2913 1055 2956 rerum
1078 2895 1273 2977 descriptio·

170 2999 275 3063 nibus'
287 3001 409 3065 llrmurn
431 3013 463 3066 et
484 3004 621 3067 solidum
635 3005 814 3086 Epicureae
827 3003 1009 3084 theologiae
1033 3001 1271 3065 fondamentum

117 3096 122 3102 ’
169 3111 309 3188 positum
331 3119 417 3191 erat3
451 3111 495 3199 ita
524 3121 557 3174 ut
580 3111 790 3173 confidentius
812 3129 882 3173 eam
905 3112 1092 3172 sententiam
1115 3111 1273 3193 Epicuros

167 3215 379 3299 profiteretur,
404 3218 482 3282 deos
504 3237 523 3282 a
545 3231 657 3282 natura
678 3227 710 3281 et
734 3218 849 3280 mundo
864 3227 1033 3298 separatos
1056 3228 1089 3281 et
1110 3221 1195 3282 nulla
1215 3239 1273 3280 re-

163 3335 238 3401 runt
261 3325 482 3405 procuratione
508 3335 684 3406 occupatos
706 3335 844 3388 aetatem
868 3327 987 3408 degere
1008 3327 1038 3388 iu
1061 3345 1185 3389 summo
1209 3317 1273 3390 otio

169 3439 202 3491 ot
229 3431 452 3511 tranquillitate
473 3435 523 3511 ¹),
552 3451 644 3514 porro
673 3445 707 3495 nt
730 3435 860 3496 auderet
890 3435 1019 3498 deorum
1048 3435 1145 3498 sedes
1167 3435 1197 3496 in
1220 3435 1270 3497 in-

168 3537 357 3600 termundiis
376 3549 408 3600 et
429 3539 490 3601 alie
512 3539 551 3604 de
573 3561 680 3603 eornm
705 3552 817 3604 natura
839 3543 1026 3625 excogitare
1048 3554 1079 3604 et
1100 3541 1272 3618 affirmare,

166 3663 250 3724 quae
272 3645 343 3706 aliis
365 3644 554 3706 certioribus
576 3649 774 3727 argumentis
797 3647 1003 3736 comprobare
1025 3647 1082 3708 vix
1099 3645 1272 3710 ullomodo

162 3747 293 3810 ‘videtur
325 3749 496 3830 potuisse·
527 3749 626 3832 lrlque
657 3750 827 3814 Lucretius
857 3751 974 3831 optime
1003 3754 1189 3836 perspexit3
1220 3756 1273 3834 qni

139 3925 141 3930 .
175 3920 417 3934 *m

186 4025 218 4083 1)
237 4025 369 4087 Epicurus
387 4027 453 4078 deos
471 4001 668 4095 dterroopyp'rovc
686 4029 809 4082 vocavit.
828 4027 907 4092 Dlng.
926 4029 949 4076 x
967 4027 1012 4076 ae.
1029 4027 1078 4076 77.
1097 4025 1140 4074 or.
1164 4025 1226 4074 troz

1042 4124 1063 4184 ὁ
