2872 4610
613 225 820 297 qn...

168 403 418 492 dicenturnam,
437 407 493 476 καὶ
515 400 587 496 οὐχ,
606 401 771 496 uiriiryer
785 402 805 478 ὁ
820 401 1025 497 'Bttbwvoccr
1040 401 1285 486 &Minicium

168 513 234 583 τῶν
248 507 409 600 σωμάτων
422 517 550 585 καπνοῦ
562 516 654 607 δίκην
665 517 861 586 ortulano.
883 522 951 586 Cic.
961 525 1057 590 rom.
1073 525 1087 584 Ι
1105 522 1157 605 17,
1182 521 1223 587 18
1234 525 1281 596 ¹).

109 659 114 678 .
166 627 281 710 ltaque
302 629 486 712 Lucretius,
512 640 679 714 postqrum
702 633 796 697 arrlori
814 641 958 699 oraturam
972 630 1015 697 ad
1030 631 1160 712 Epicuri
1175 649 1281 706 mear-

167 740 232 798 tem
255 743 287 796 et
308 738 486 800 sententias
506 739 668 818 explicuit,
691 739 767 803 licet
788 737 882 802 facile
904 735 977 800 inde
998 737 1176 814 mortalitas
1198 739 1282 803 arai·-

166 865 239 908 mae
268 857 377 928 utpote
398 849 496 928 partis
519 867 591 910 cum
615 865 747 928 corpore
770 867 831 910 uua
852 845 985 908 naturae
1013 847 1045 906 vi
1079 855 1280 915 coniunctae

167 953 359 1037 efficeretur,
382 953 524 1036 plurimis
546 963 652 1018 tamen
675 956 759 1018 illam
781 955 980 1036 argumentis
1002 953 1213 1032 rrauilrmuvit.
1238 951 1285 1014 ln'

166 1059 217 1134 his
243 1070 363 1142 antem,
389 1061 472 1142 quod
495 1063 578 1126 bene
600 1063 913 1126 animadvertendum
937 1072 998 1138 est,
1021 1062 1135 1142 malem
1161 1060 1278 1142 offert,

167 1176 284 1258 quibus
313 1177 394 1238 inter
424 1177 511 1260 ipsos
544 1176 675 1239 Stoicos
699 1175 875 1239 Panaetius
903 1185 960 1258 pro
983 1177 1174 1240 mortalitate
1195 1175 1277 1238 ani-

166 1301 291 1346 morum
320 1285 612 1368 argumentabatur.
662 1285 693 1346 ls
716 1285 798 1347 euim
821 1303 915 1364 quum
939 1285 1072 1372 animem
1099 1301 1171 1346 cum
1195 1301 1279 1344 cor·
1350 1295 1361 1312 ·

165 1408 244 1474 pore
264 1392 355 1457 nasci
377 1401 410 1454 et
432 1407 582 1454 crescere
603 1400 636 1454 et
664 1389 772 1454 dolere
794 1400 826 1454 et
847 1409 1040 1472 aegrescere
1065 1389 1275 1472 intelligeret,

165 1500 295 1564 interire
324 1501 419 1562 etiam
447 1501 582 1562 animam
611 1515 683 1560 cnm
716 1515 851 1578 corpore
880 1498 1049 1562 conclusit.
1079 1496 1151 1566 cie.
1173 1499 1275 1560 'l'usc-

164 1604 179 1666 1
200 1603 253 1680 32,
267 1605 318 1670 79.
351 1605 472 1666 Verum
487 1588 774 1666 Lucretius'instrt
797 1612 830 1664 et
850 1609 958 1682 urget,
981 1606 1276 1666 tenureroaunimam

165 1713 197 1774 in
229 1715 301 1793 ipso
331 1729 464 1791 corpore
494 1709 625 1772 distrahi
659 1721 690 1773 et
721 1731 778 1792 per
806 1722 894 1774 artus
923 1711 1025 1772 disiici
1054 1719 1087 1772 et
1108 1713 1140 1774 in
1162 1719 1274 1792 portes

167 1820 264 1885 minui
288 1821 384 1882 etiam
407 1819 553 1902 discindi,
574 1829 603 1882 et
627 1821 669 1882 ita
692 1821 877 1881 necessario
901 1839 983 1898 cam,
997 1837 1093 1902 quum
1120 1839 1161 1882 ex
1184 1821 1272 1882 ornni

164 1941 311 2008 corpore,
333 1925 415 2008 quod
441 1935 591 2007 tauquam
614 1945 676 1990 vas
698 1925 768 1988 eins
782 1934 920 2006 constet,
943 1927 1148 2007 exsolvatur,
1171 1924 1273 1996 veluti

163 2032 285 2098 fumum
307 2052 347 2099 uo
367 2034 500 2096 nebulas
521 2035 553 2097 in
576 2032 795 2120 etrediiiundi
809 2041 839 2093 et
858 2033 1009 2118 dispergi.
1031 2035 1079 2095 lll
1095 2033 1272 2096 teu-547.

164 2139 341 2204 579-615.
357 2138 534 2204 eta-670.
578 2141 659 2202 Aliis
676 2159 753 2221 vero
769 2143 923 2223 exemplis
936 2160 974 2204 ea
997 2159 1081 2224 quae
1105 2140 1146 2204 de
1167 2143 1273 2202 anima

164 2254 316 2328 ¹tauquam
338 2253 431 2328 parte
451 2227 594 2328 corporis
629 2257 661 2308 et
683 2247 723 2308 de
750 2255 839 2320 certa
871 2248 941 2310 eius
970 2245 1050 2332 serie
1073 2250 1106 2308 io
1135 2265 1271 2328 corpore

164 2361 197 2414 ct
229 2352 268 2414 de
298 2355 440 2434 corporis
469 2355 626 2434 animique
649 2355 817 2415 coniuncta
841 2361 1001 2433 potestate
1025 2352 1153 2417 uberius
1177 2346 1300 2416 anteax

165 2458 337 2544 docuerat,
362 2462 471 2542 paucis
494 2460 723 2543 comprehensa
746 2463 859 2521 iterum
883 2463 1045 2540 proponit,
1077 2471 1111 2524 et
1132 2463 1270 2524 enimam

168 2577 260 2630 extra
283 2587 400 2663 corpus
424 2569 544 2652 degere
564 2589 664 2652 posse
686 2579 793 2656 negat.
815 2592 846 2632 v.
869 2571 1060 2647 5⁴7—579.
1081 2577 1188 2638 6150
1200 2575 1269 2639 634.

155 2678 249 2740 ‚Aliis
280 2677 430 2762 denique,
466 2679 579 2761 quibua
609 2681 641 2742 in
674 2681 736 2742 fine
765 2684 1048 2770 argumentationis
1079 2705 1144 2748 non
1174 2705 1272 2766 posse

163 2787 287 2844 unimus
305 2785 448 2866 integros
460 2785 521 2846 alio
541 2805 581 2846 ex
595 2803 726 2866 corpore
743 2786 774 2846 in
786 2786 869 2848 aliud
886 2790 1113 2871 transmigrare
1134 2790 1271 2856 demon-

149 2868 262 2969 strat,
285 2900 316 2951 et
336 2890 542 2970 philosophos
562 2871 656 2952 etiam
677 2890 832 2965 irridendo
855 2895 987 2972 refellit,
1011 2896 1143 2957 uberius
1164 2915 1271 2958 rursus

166 2995 248 3054 illarn
263 2996 433 3074 praecipue
449 2997 639 3058 sententiam
655 3005 780 3078 tractat,
799 2999 924 3060 animae
939 3008 972 3061 ct
988 2985 1131 3081 c'orporis
1149 3006 1270 3086 rigoris

165 3116 360 3160 consensum
379 3119 454 3161 esso
470 3110 502 3161 et
515 3102 650 3164 animum
669 3103 793 3182 quidem
811 3096 880 3166 cum
904 3126 1037 3187 corpore
1058 3119 1092 3171 et
1118 3113 1267 3186 membris

153 3211 339 3288 ,nervisque
369 3208 413 3267 ita
443 3225 620 3298 connexern
651 3219 684 3271 et
706 3211 735 3271 iu
759 3211 837 3292 ipsis
859 3225 1002 3277 creatam
1026 3217 1129 3278 videri
1152 3228 1188 3280 ut
1210 3239 1270 3301 pa-

49 3333 57 3350 *
168 3320 244 3380 riter
266 3337 338 3382 cum
362 3339 494 3400 corpore
517 3328 655 3393 mutetur
666 3331 697 3380 et
710 3333 836 3405 crescat
848 3334 880 3386 et
892 3338 1053 3392 senescat.
1074 3329 1271 3407 670-84221

140 3507 143 3510 Ι
251 3431 316 3492 Seri
341 3432 515 3494 Lucretius
536 3442 756 3517 argumentum
779 3432 819 3494 de
842 3443 930 3498 tento
952 3437 1006 3498 illo
1029 3439 1124 3504 animi
1144 3450 1180 3504 et
1198 3459 1271 3504 cor.

160 3545 248 3624 poris
272 3551 403 3604 naturae
426 3558 588 3605 consensu
611 3549 644 3600 et
666 3539 706 3600 ‹l'e
728 3541 821 3602 animi
845 3552 934 3606 certa
957 3544 1036 3608 sede
1059 3547 1091 3611 iu
1114 3565 1263 3631 corpore,

162 3667 225 3710 non
257 3649 358 3709 solum
386 3645 430 3708 ad
465 3648 590 3710 animae
622 3631 888 3739 immortalitatem
910 3650 1087 3734 negandam
1105 3654 1267 3734 ,adhibui-r,

178 3827 210 3892 1)
228 3829 262 3877 cf.
277 3816 638 3889 ‘wyttenbaotrcopusctll
657 3839 682 3887 p.
700 3809 765 3874 825.
865 3815 869 3820 ’
903 3828 910 3839 ’

178 3911 213 3976 a)
233 3923 334 3962 vernos
353 3911 500 3960 sut-<scs
518 3911 623 3960 elluro
641 3909 834 3960 vener-era
851 3913 1003 3966 translatos
1020 3924 1081 3964 esee
1099 3914 1265 3969 «lemannum

232 3999 391 4058 Bernaye
409 3996 428 4044 l.
447 3995 468 4045 l.
486 4010 512 4060 p.
529 3994 596 4046 574.
