2872 4610
598 725 865 814 Vl'PA.

689 921 788 936 m

186 1059 308 1155 Natus
330 1110 407 1152 sum
422 1089 746 1175 Dnesseldorpii
769 1107 851 1150 anno
867 1086 1164 1156 CisthCCCXXI
1197 1107 1286 1175 patra

189 1191 427 1269 Theodoro,
451 1191 810 1254 matrebliisabetha
833 1210 851 1252 a
874 1202 970 1274 gente
996 1195 1104 1257 rotz.
1149 1195 1286 1262 Civicae

187 1285 320 1356 saboiae
342 1295 535 1376 institutione
558 1273 776 1373 praeparatus,
799 1315 880 1355 anno
903 1299 1017 1356 aetatis
1041 1299 1286 1364 {tridecimo-aon

187 1397 273 1457 cessi
296 1394 336 1454 ad
358 1396 479 1474 patriae
503 1395 921 1478 urbisgymnasium,q1md
945 1407 1021 1456 tono
1050 1401 1201 1478 temporis
1223 1402 1286 1462 flo-

187 1495 276 1556 rebat
306 1497 460 1576 auspiciis
489 1495 573 1557 beati
598 1495 840 1558 Wnoiineri.
886 1495 968 1558 0010
998 1516 1150 1558 annorum
1181 1483 1285 1579 spatio

188 1595 423 1674 praeteriapso,
458 1596 649 1656 maturitatis
678 1596 859 1666 testimonio
893 1597 1028 1655 munitus
1058 1593 1140 1658 hano
1170 1598 1284 1661 abnam

186 1693 374 1756 Rhenanam
406 1693 488 1772 adii,
522 1693 635 1755 litteris
668 1697 772 1754 sacris
804 1711 932 1772 operam
968 1694 1105 1756 daturus.
1151 1697 1283 1760 interfui

187 1780 1284 1878 senenetneorogru·nurnerferutntnraunrt,semron,

187 1893 1283 1974 Vogeisangii,philosophicisbrandisii‚Deibrueokii,

188 1991 219 2054 V
230 2013 247 2066 o
258 1993 335 2054 lkm
346 1993 412 2054 utb
423 1995 465 2054 ii:
501 1994 570 2058 Sed
586 2005 658 2074 post
678 1999 752 2057 anni
768 1999 903 2078 spatium
918 1998 1069 2078 singulari
1085 1999 1285 2078 antiquitatis

186 2093 293 2156 studio
323 2095 478 2171 attactus,
507 2094 549 2156 ad
578 2094 769 2182 philologioa
800 2095 905 2157 studia
933 2083 1032 2157 totum
1056 2115 1106 2156 mo
1129 2102 1284 2161 converti.

184 2196 236 2256 De
258 2194 370 2275 quibus
400 2193 599 2263 disserentes
629 2195 736 2256 arrdivi
768 2195 1055 2272 Weiokerum,
1088 2195 1284 2258 Bitscho-

188 2294 852 2376 lium,Sobopenium,Ritterum,
874 2297 1130 2374 bersohium,
1152 2297 1284 2358 Haim-

185 2394 407 2475 soetbium,
432 2397 719 2459 Duentzerum.
764 2398 943 2459 Historiaas
967 2415 1019 2458 res
1042 2418 1092 2458 me
1109 2396 1285 2458 docuerunt

186 2491 1281 2580 Arndtius‚Sobiegetius,boebetlius‚Dabimannns.

187 2587 312 2666 Quibus
338 2592 415 2655 viris
442 2595 587 2655 omnibus
616 2613 695 2674 quas
723 2594 825 2656 debeo
847 2596 969 2678 gratias
992 2596 1146 2656 maximas
1169 2589 1283 2656 refero.

185 2689 267 2752 Prae
278 2694 422 2754 omnibus
436 2713 512 2755 vero
525 2704 652 2774 propter
663 2695 856 2777 singularem
873 2713 951 2775 erga
965 2713 1015 2754 rna
1027 2695 1282 2756 benevolentiam

184 2791 363 2853 nominandi
386 2793 545 2856 duumviri
566 2802 599 2856 et
620 2795 815 2859 humanitate
837 2802 870 2855 et
893 2795 1034 2855 doctrina
1049 2796 1284 2873 quarumaxime
1372 2825 1378 2836 =

183 2890 326 2971 insignes
349 2893 600 2956 Weiokerus
621 2904 653 2955 et
676 2891 960 2973 Ritsohelius,
984 2893 1160 2954 directores
1182 2893 1282 2954 semi-

182 2990 261 3050 narii
282 2992 361 3074 regii
374 2991 567 3072 philologici,
590 2993 683 3054 ouius
705 3013 760 3073 per
782 3010 896 3053 annum
921 3000 954 3052 et
977 2989 1134 3052 dimidium
1158 2991 1203 3052 fui
1225 3010 1282 3054 so·

182 3088 264 3150 datis
285 3089 472 3172 ordinarius,
493 3092 597 3152 senior
611 3109 669 3171 per
684 3100 840 3152 semestre
856 3091 1001 3170 spatium.
1047 3091 1168 3152 Pariter
1184 3094 1282 3154 etiam

181 3195 261 3272 uiris
276 3193 471 3270 clarissimis,
496 3193 732 3274 Sohopenio
756 3203 788 3253 et
811 3190 1039 3272 Brandisio,
1064 3193 1282 3271 praeceptori-

180 3292 241 3352 bus
257 3292 579 3369 benavotentissimis,
602 3292 706 3353 miritis
722 3291 899 3352 nominibus
924 3309 974 3352 ma
996 3308 1071 3350 esse
1095 3290 1280 3352 obstrictum

179 3391 493 3472 babenterprotiteor.
539 3395 638 3454 Annis
662 3393 779 3453 abbina
802 3391 927 3453 duobus
951 3394 1082 3471 patriam
1112 3390 1140 3449 io
1171 3392 1280 3450 urbem

180 3489 259 3552 redii
281 3499 315 3552 ut
337 3493 495 3573 stipendia
518 3495 663 3556 militaria
685 3496 907 3570 absolveram
930 3493 1042 3573 quibus
1064 3494 1203 3572 paractis
1226 3509 1281 3570 per

181 3589 254 3650 anui
286 3591 421 3670 spatium
453 3590 589 3652 docendi
619 3591 795 3653 tirocinium
825 3591 884 3650 ieoi
915 3590 946 3648 in
968 3589 1077 3648 sohoia
1102 3605 1193 3668 qrrarn
1217 3605 1278 3648 no-

180 3692 299 3749 strates
323 3688 431 3754 dieunt
451 3691 548 3771 reati,
570 3690 879 3773 Duesseldarpiensi.
909 3689 1031 3750 ·Cuius
1061 3687 1192 3750 sohoiae
1227 3689 1279 3749 or·-

180 3788 313 3848 reotoris
344 3789 522 3852 Haineni
556 3783 787 3854 atoetoronrm
812 3797 1071 3869 praeceptorum,
1100 3789 1150 3868 qui
1175 3788 1203 3847 in
1226 3790 1279 3847 sa·

181 3885 388 3948 mitiaritatem
420 3907 470 3949 me
500 3891 726 3970 recipererroo
760 3897 833 3950 sunt
865 3888 1046 3971 ric-(lignati‚
1080 3897 1173 3969 grata
1207 3906 1277 3948 rna·

181 3987 281 4046 moria
314 4005 354 4046 ex
386 3989 489 4048 auimo
521 4007 679 4066 nunquam
704 3998 887 4050 evanescet.

456 4099 459 4106 '
612 4101 843 4127 m
915 4107 921 4115 ·
