<?xml version="1.0" encoding="UTF-8"?>
<!DOCTYPE html PUBLIC "-//W3C//DTD XHTML 1.0 Transitional//EN"
    "http://www.w3.org/TR/xhtml1/DTD/xhtml1-transitional.dtd">
<html xmlns="http://www.w3.org/1999/xhtml" xml:lang="en" lang="en">
 <head>
  <title>
</title>
<meta http-equiv="Content-Type" content="text/html;charset=utf-8" />
  <meta name='ocr-system' content='tesseract 3.04.00' />
  <meta name='ocr-capabilities' content='ocr_page ocr_carea ocr_par ocr_line ocrx_word'/>
</head>
<body>
  <div class='ocr_page' id='page_1' title='image "./qvaestioneslvcr00reisgoog_0029.png"; bbox 0 0 2872 4610; ppageno 0'>
   <div class='ocr_carea' id='block_1_1' title="bbox 563 247 844 321">
    <p class='ocr_par' dir='ltr' id='par_1_1' title="bbox 563 247 844 321">
     <span class='ocr_line' id='line_1_1' title="bbox 563 247 844 321; baseline 0.021 -29"><span class='ocrx_word' id='word_1_1' title='bbox 563 247 844 321; x_wconf 74' lang='lat'>····¹8-·</span> 
     </span>
    </p>
   </div>
   <div class='ocr_carea' id='block_1_2' title="bbox 73 425 1331 4050">
    <p class='ocr_par' dir='ltr' id='par_1_2' title="bbox 145 425 1303 950">
     <span class='ocr_line' id='line_1_2' title="bbox 189 425 1303 535; baseline 0.022 -46"><span class='ocrx_word' id='word_1_2' title='bbox 189 427 407 510; x_wconf 76' lang='lat' dir='ltr'><strong>-ntelligimun</strong></span> <span class='ocrx_word' id='word_1_3' title='bbox 438 431 547 494; x_wconf 77' lang='lat' dir='ltr'><strong>baert.</strong></span> <span class='ocrx_word' id='word_1_4' title='bbox 570 435 621 510; x_wconf 86' lang='lat' dir='ltr'><strong>X,</strong></span> <span class='ocrx_word' id='word_1_5' title='bbox 650 435 695 498; x_wconf 74' lang='lat'><strong>12.</strong></span> <span class='ocrx_word' id='word_1_6' title='bbox 730 425 888 527; x_wconf 73' lang='grc' dir='ltr'><strong><em>Μάλιστα</em></strong></span> <span class='ocrx_word' id='word_1_7' title='bbox 913 434 951 500; x_wconf 81' lang='grc' dir='ltr'><strong>δὲ</strong></span> <span class='ocrx_word' id='word_1_8' title='bbox 979 431 1168 522; x_wconf 68' lang='grc' dir='ltr'><strong><em>ἀπεδέχετο</em></strong></span> <span class='ocrx_word' id='word_1_9' title='bbox 1193 447 1303 535; x_wconf 75' lang='grc' dir='ltr'><strong><em>[φησὶ</em></strong></span> 
     </span>
     <span class='ocr_line' id='line_1_3' title="bbox 187 527 1299 626; baseline 0.02 -27"><span class='ocrx_word' id='word_1_10' title='bbox 187 533 346 620; x_wconf 81' lang='grc' dir='ltr'><strong>Διοκλῆς)</strong></span> <span class='ocrx_word' id='word_1_11' title='bbox 366 533 431 598; x_wconf 77' lang='grc' dir='ltr'><strong>τῶν</strong></span> <span class='ocrx_word' id='word_1_12' title='bbox 451 527 595 624; x_wconf 72' lang='grc' dir='ltr'><strong><em>ἀρχαίων</em></strong></span> <span class='ocrx_word' id='word_1_13' title='bbox 617 529 836 626; x_wconf 73' lang='grc' dir='ltr'><strong><em>Ἀναξαγόραν</em></strong></span> <span class='ocrx_word' id='word_1_14' title='bbox 856 541 1008 619; x_wconf 82' lang='grc' dir='ltr'><strong><em>(καίτοι</em></strong></span> <span class='ocrx_word' id='word_1_15' title='bbox 1030 540 1071 611; x_wconf 79' lang='grc' dir='ltr'><strong>ἔν</strong></span> <span class='ocrx_word' id='word_1_16' title='bbox 1088 572 1196 618; x_wconf 89' lang='grc' dir='ltr'><strong><em>τισιν</em></strong></span> <span class='ocrx_word' id='word_1_17' title='bbox 1225 547 1299 620; x_wconf 82' lang='grc' dir='ltr'><strong><em>οἷν-</em></strong></span> 
     </span>
     <span class='ocr_line' id='line_1_4' title="bbox 190 631 1300 736; baseline 0.022 -33"><span class='ocrx_word' id='word_1_18' title='bbox 190 631 388 728; x_wconf 78' lang='grc' dir='ltr'><strong><em>τειρηκιός</em></strong></span> <span class='ocrx_word' id='word_1_19' title='bbox 409 633 528 724; x_wconf 78' lang='grc' dir='ltr'><strong><em>αὐτῷ)</em></strong></span> <span class='ocrx_word' id='word_1_20' title='bbox 550 641 603 708; x_wconf 86' lang='grc' dir='ltr'><strong>καὶ</strong></span> <span class='ocrx_word' id='word_1_21' title='bbox 615 636 797 730; x_wconf 79' lang='grc' dir='ltr'><strong><em>Ἀρχέλαον</em></strong></span> <span class='ocrx_word' id='word_1_22' title='bbox 807 643 862 712; x_wconf 85' lang='grc' dir='ltr'><strong>τόν</strong></span> <span class='ocrx_word' id='word_1_23' title='bbox 872 641 1065 736; x_wconf 78' lang='grc' dir='ltr'><strong><em>Σωκράτους</em></strong></span> <span class='ocrx_word' id='word_1_24' title='bbox 1085 647 1300 731; x_wconf 72' lang='grc' dir='ltr'><strong><em>διδάσκαλον.</em></strong></span> 
     </span>
     <span class='ocr_line' id='line_1_5' title="bbox 187 751 1297 837; baseline 0.021 -22"><span class='ocrx_word' id='word_1_25' title='bbox 187 753 325 834; x_wconf 83' lang='lat' dir='ltr'><strong>lamque·</strong></span> <span class='ocrx_word' id='word_1_26' title='bbox 341 751 529 816; x_wconf 88' lang='lat' dir='ltr'><strong>monendum</strong></span> <span class='ocrx_word' id='word_1_27' title='bbox 553 771 627 816; x_wconf 83' lang='lat' dir='ltr'><strong>esse</strong></span> <span class='ocrx_word' id='word_1_28' title='bbox 647 765 737 834; x_wconf 83' lang='lat' dir='ltr'><strong>puto,</strong></span> <span class='ocrx_word' id='word_1_29' title='bbox 762 765 881 820; x_wconf 83' lang='lat' dir='ltr'><strong>tantem</strong></span> <span class='ocrx_word' id='word_1_30' title='bbox 905 777 981 822; x_wconf 85' lang='lat' dir='ltr'><strong>esse</strong></span> <span class='ocrx_word' id='word_1_31' title='bbox 1003 763 1087 825; x_wconf 90' lang='lat' dir='ltr'><strong>illius</strong></span> <span class='ocrx_word' id='word_1_32' title='bbox 1107 775 1297 837; x_wconf 84' lang='lat' dir='ltr'><strong>sententiae</strong></span> 
     </span>
     <span class='ocr_line' id='line_1_6' title="bbox 145 860 1296 950; baseline 0.018 -28"><span class='ocrx_word' id='word_1_33' title='bbox 145 870 147 874; x_wconf 83' lang='grc'><strong>’</strong></span> <span class='ocrx_word' id='word_1_34' title='bbox 188 868 221 924; x_wconf 89' lang='lat' dir='ltr'><strong>et</strong></span> <span class='ocrx_word' id='word_1_35' title='bbox 234 867 494 939; x_wconf 74' lang='lat' dir='ltr'><strong>argumentorum</strong></span> <span class='ocrx_word' id='word_1_36' title='bbox 518 860 558 922; x_wconf 83' lang='lat' dir='ltr'><strong>de</strong></span> <span class='ocrx_word' id='word_1_37' title='bbox 579 872 665 932; x_wconf 81' lang='lat' dir='ltr'><strong>corta</strong></span> <span class='ocrx_word' id='word_1_38' title='bbox 688 874 720 926; x_wconf 87' lang='lat' dir='ltr'><strong>et</strong></span> <span class='ocrx_word' id='word_1_39' title='bbox 743 865 871 928; x_wconf 85' lang='lat' dir='ltr'><strong>delinita</strong></span> <span class='ocrx_word' id='word_1_40' title='bbox 892 887 996 932; x_wconf 88' lang='lat' dir='ltr'><strong>rerum</strong></span> <span class='ocrx_word' id='word_1_41' title='bbox 1021 875 1127 936; x_wconf 87' lang='lat' dir='ltr'><strong>mundi</strong></span> <span class='ocrx_word' id='word_1_42' title='bbox 1151 880 1296 950; x_wconf 84' lang='lat' dir='ltr'><strong>omnium</strong></span> 
     </span>
    </p>

    <p class='ocr_par' dir='ltr' id='par_1_3' title="bbox 156 958 1293 1928">
     <span class='ocr_line' id='line_1_7' title="bbox 184 958 1293 1061; baseline 0.015 -29"><span class='ocrx_word' id='word_1_43' title='bbox 184 977 298 1033; x_wconf 85' lang='lat' dir='ltr'><strong>natura</strong></span> <span class='ocrx_word' id='word_1_44' title='bbox 318 969 350 1030; x_wconf 90' lang='lat' dir='ltr'><strong>in</strong></span> <span class='ocrx_word' id='word_1_45' title='bbox 364 958 531 1048; x_wconf 70' lang='lat' dir='ltr'><strong>¹Epicureo</strong></span> <span class='ocrx_word' id='word_1_46' title='bbox 552 968 688 1050; x_wconf 83' lang='lat' dir='ltr'><strong>physice</strong></span> <span class='ocrx_word' id='word_1_47' title='bbox 713 973 922 1052; x_wconf 72' lang='lat' dir='ltr'><strong>gravionem,</strong></span> <span class='ocrx_word' id='word_1_48' title='bbox 950 984 984 1040; x_wconf 91' lang='lat' dir='ltr'><strong>ut</strong></span> <span class='ocrx_word' id='word_1_49' title='bbox 1008 977 1059 1040; x_wconf 80' lang='lat' dir='ltr'><strong>liis</strong></span> <span class='ocrx_word' id='word_1_50' title='bbox 1087 983 1293 1061; x_wconf 83' lang='lat' dir='ltr'><strong>potissimum</strong></span> 
     </span>
     <span class='ocr_line' id='line_1_8' title="bbox 185 1079 1293 1166; baseline 0.014 -22"><span class='ocrx_word' id='word_1_51' title='bbox 185 1081 330 1144; x_wconf 83' lang='lat' dir='ltr'><strong>doctrine</strong></span> <span class='ocrx_word' id='word_1_52' title='bbox 351 1079 392 1142; x_wconf 92' lang='lat' dir='ltr'><strong>de</strong></span> <span class='ocrx_word' id='word_1_53' title='bbox 413 1081 509 1142; x_wconf 88' lang='lat' dir='ltr'><strong>animi</strong></span> <span class='ocrx_word' id='word_1_54' title='bbox 530 1088 643 1142; x_wconf 76' lang='lat' dir='ltr'><strong>nature</strong></span> <span class='ocrx_word' id='word_1_55' title='bbox 664 1088 696 1140; x_wconf 86' lang='lat' dir='ltr'><strong>et</strong></span> <span class='ocrx_word' id='word_1_56' title='bbox 709 1083 900 1146; x_wconf 80' lang='lat' dir='ltr'><strong>mortalitate</strong></span> <span class='ocrx_word' id='word_1_57' title='bbox 912 1093 1061 1166; x_wconf 80' lang='lat' dir='ltr'><strong>tauquam</strong></span> <span class='ocrx_word' id='word_1_58' title='bbox 1077 1089 1293 1164; x_wconf 81' lang='lat' dir='ltr'><strong>fundamento</strong></span> 
     </span>
     <span class='ocr_line' id='line_1_9' title="bbox 181 1184 1290 1268; baseline 0.012 -20"><span class='ocrx_word' id='word_1_59' title='bbox 181 1195 400 1268; x_wconf 82' lang='lat' dir='ltr'><strong>superstructa</strong></span> <span class='ocrx_word' id='word_1_60' title='bbox 432 1203 510 1248; x_wconf 89' lang='lat' dir='ltr'><strong>esse</strong></span> <span class='ocrx_word' id='word_1_61' title='bbox 538 1184 692 1248; x_wconf 88' lang='lat' dir='ltr'><strong>videatur.</strong></span> <span class='ocrx_word' id='word_1_62' title='bbox 736 1186 857 1248; x_wconf 74' lang='lat' dir='ltr'><strong>liudem</strong></span> <span class='ocrx_word' id='word_1_63' title='bbox 883 1191 1028 1268; x_wconf 82' lang='lat' dir='ltr'><strong>gravitas</strong></span> <span class='ocrx_word' id='word_1_64' title='bbox 1056 1195 1140 1256; x_wconf 86' lang='lat' dir='ltr'><strong>inest</strong></span> <span class='ocrx_word' id='word_1_65' title='bbox 1166 1197 1197 1258; x_wconf 89' lang='lat' dir='ltr'><strong>in</strong></span> <span class='ocrx_word' id='word_1_66' title='bbox 1222 1197 1290 1262; x_wconf 88' lang='lat' dir='ltr'><strong>de·</strong></span> 
     </span>
     <span class='ocr_line' id='line_1_10' title="bbox 178 1294 1288 1382; baseline 0.006 -26"><span class='ocrx_word' id='word_1_67' title='bbox 178 1294 352 1374; x_wconf 75' lang='lat' dir='ltr'><strong>scriptione</strong></span> <span class='ocrx_word' id='word_1_68' title='bbox 379 1303 551 1374; x_wconf 73' lang='lat' dir='ltr'><strong>perpetuae</strong></span> <span class='ocrx_word' id='word_1_69' title='bbox 573 1311 675 1356; x_wconf 85' lang='lat' dir='ltr'><strong>rerum</strong></span> <span class='ocrx_word' id='word_1_70' title='bbox 705 1295 844 1356; x_wconf 87' lang='lat' dir='ltr'><strong>omuium</strong></span> <span class='ocrx_word' id='word_1_71' title='bbox 871 1301 1138 1362; x_wconf 73' lang='lat' dir='ltr'><strong>commutationis.</strong></span> <span class='ocrx_word' id='word_1_72' title='bbox 1176 1303 1288 1382; x_wconf 76' lang='lat' dir='ltr'><strong>Quam</strong></span> 
     </span>
     <span class='ocr_line' id='line_1_11' title="bbox 177 1401 1288 1493; baseline 0.011 -28"><span class='ocrx_word' id='word_1_73' title='bbox 177 1402 302 1484; x_wconf 90' lang='lat' dir='ltr'><strong>quidem</strong></span> <span class='ocrx_word' id='word_1_74' title='bbox 331 1403 595 1482; x_wconf 75' lang='lat' dir='ltr'><strong>praeclarissimis</strong></span> <span class='ocrx_word' id='word_1_75' title='bbox 622 1401 770 1462; x_wconf 85' lang='lat' dir='ltr'><strong>uersibus</strong></span> <span class='ocrx_word' id='word_1_76' title='bbox 791 1411 918 1484; x_wconf 84' lang='lat' dir='ltr'><strong>poetam</strong></span> <span class='ocrx_word' id='word_1_77' title='bbox 943 1411 1150 1484; x_wconf 79' lang='lat' dir='ltr'><strong>expressisse</strong></span> <span class='ocrx_word' id='word_1_78' title='bbox 1174 1414 1288 1493; x_wconf 89' lang='lat' dir='ltr'><strong>quivis</strong></span> 
     </span>
     <span class='ocr_line' id='line_1_12' title="bbox 176 1507 1287 1601; baseline 0.012 -29"><span class='ocrx_word' id='word_1_79' title='bbox 176 1509 321 1573; x_wconf 83' lang='lat' dir='ltr'><strong>lubenter</strong></span> <span class='ocrx_word' id='word_1_80' title='bbox 340 1509 499 1572; x_wconf 74' lang='lat' dir='ltr'><strong>fatebitur.</strong></span> <span class='ocrx_word' id='word_1_81' title='bbox 530 1507 597 1572; x_wconf 80' lang='lat' dir='ltr'><strong>Sed</strong></span> <span class='ocrx_word' id='word_1_82' title='bbox 622 1507 661 1568; x_wconf 90' lang='lat' dir='ltr'><strong>de</strong></span> <span class='ocrx_word' id='word_1_83' title='bbox 678 1509 888 1572; x_wconf 79' lang='lat' dir='ltr'><strong>Lucretiauae</strong></span> <span class='ocrx_word' id='word_1_84' title='bbox 910 1511 1130 1594; x_wconf 72' lang='lat' dir='ltr'><strong>descriptionis</strong></span> <span class='ocrx_word' id='word_1_85' title='bbox 1152 1527 1287 1601; x_wconf 80' lang='lat' dir='ltr'><strong>propriu</strong></span> 
     </span>
     <span class='ocr_line' id='line_1_13' title="bbox 174 1615 1285 1704; baseline 0.012 -25"><span class='ocrx_word' id='word_1_86' title='bbox 174 1620 292 1679; x_wconf 79' lang='lat' dir='ltr'><strong>uirtute</strong></span> <span class='ocrx_word' id='word_1_87' title='bbox 311 1623 345 1677; x_wconf 91' lang='lat' dir='ltr'><strong>et</strong></span> <span class='ocrx_word' id='word_1_88' title='bbox 366 1615 577 1694; x_wconf 75' lang='lat' dir='ltr'><strong>praestantia,</strong></span> <span class='ocrx_word' id='word_1_89' title='bbox 612 1629 675 1694; x_wconf 84' lang='lat' dir='ltr'><strong>que</strong></span> <span class='ocrx_word' id='word_1_90' title='bbox 706 1615 848 1695; x_wconf 81' lang='lat' dir='ltr'><strong>magistri</strong></span> <span class='ocrx_word' id='word_1_91' title='bbox 879 1615 1052 1680; x_wconf 85' lang='lat' dir='ltr'><strong>doctrinam</strong></span> <span class='ocrx_word' id='word_1_92' title='bbox 1081 1631 1176 1704; x_wconf 87' lang='lat' dir='ltr'><strong>poeta</strong></span> <span class='ocrx_word' id='word_1_93' title='bbox 1200 1645 1285 1692; x_wconf 87' lang='lat' dir='ltr'><strong>vere</strong></span> 
     </span>
     <span class='ocr_line' id='line_1_14' title="bbox 156 1715 1286 1819; baseline 0.009 -31"><span class='ocrx_word' id='word_1_94' title='bbox 156 1715 311 1788; x_wconf 72' lang='lat' dir='ltr'><strong>&#39;auxisse</strong></span> <span class='ocrx_word' id='word_1_95' title='bbox 334 1730 367 1784; x_wconf 93' lang='lat' dir='ltr'><strong>et</strong></span> <span class='ocrx_word' id='word_1_96' title='bbox 388 1720 603 1803; x_wconf 84' lang='lat' dir='ltr'><strong>amplificasse</strong></span> <span class='ocrx_word' id='word_1_97' title='bbox 625 1721 771 1803; x_wconf 73' lang='lat' dir='ltr'><strong>videtur,</strong></span> <span class='ocrx_word' id='word_1_98' title='bbox 797 1734 911 1804; x_wconf 88' lang='lat' dir='ltr'><strong>postea</strong></span> <span class='ocrx_word' id='word_1_99' title='bbox 933 1726 1058 1790; x_wconf 89' lang='lat' dir='ltr'><strong>demum</strong></span> <span class='ocrx_word' id='word_1_100' title='bbox 1082 1732 1134 1793; x_wconf 89' lang='lat' dir='ltr'><strong>ubi</strong></span> <span class='ocrx_word' id='word_1_101' title='bbox 1156 1736 1286 1819; x_wconf 79' lang='lat' dir='ltr'><strong>reliqua</strong></span> 
     </span>
     <span class='ocr_line' id='line_1_15' title="bbox 175 1832 1283 1928; baseline 0.014 -36"><span class='ocrx_word' id='word_1_102' title='bbox 175 1834 327 1914; x_wconf 81' lang='lat' dir='ltr'><strong>graviora</strong></span> <span class='ocrx_word' id='word_1_103' title='bbox 345 1839 535 1912; x_wconf 64' lang='lat' dir='ltr'><strong>‘argumente</strong></span> <span class='ocrx_word' id='word_1_104' title='bbox 559 1832 726 1910; x_wconf 85' lang='lat' dir='ltr'><strong>explanata</strong></span> <span class='ocrx_word' id='word_1_105' title='bbox 751 1844 861 1913; x_wconf 88' lang='lat' dir='ltr'><strong>erunt,</strong></span> <span class='ocrx_word' id='word_1_106' title='bbox 889 1839 1069 1900; x_wconf 80' lang='lat' dir='ltr'><strong>accuratius</strong></span> <span class='ocrx_word' id='word_1_107' title='bbox 1092 1845 1283 1928; x_wconf 82' lang='lat' dir='ltr'><strong>certiusque</strong></span> 
     </span>
    </p>

    <p class='ocr_par' dir='ltr' id='par_1_4' title="bbox 175 1931 1170 2026">
     <span class='ocr_line' id='line_1_16' title="bbox 175 1931 1170 2026; baseline 0.01 -28"><span class='ocrx_word' id='word_1_108' title='bbox 175 1931 319 2004; x_wconf 78' lang='lat' dir='ltr'><strong>iudicari</strong></span> <span class='ocrx_word' id='word_1_109' title='bbox 334 1935 458 2016; x_wconf 85' lang='lat' dir='ltr'><strong>poterit.</strong></span> <span class='ocrx_word' id='word_1_110' title='bbox 501 1938 566 1996; x_wconf 87' lang='lat' dir='ltr'><strong>lum</strong></span> <span class='ocrx_word' id='word_1_111' title='bbox 590 1936 652 1997; x_wconf 86' lang='lat' dir='ltr'><strong>ulia</strong></span> <span class='ocrx_word' id='word_1_112' title='bbox 674 1955 757 1997; x_wconf 85' lang='lat' dir='ltr'><strong>nova</strong></span> <span class='ocrx_word' id='word_1_113' title='bbox 779 1949 965 2018; x_wconf 82' lang='lat' dir='ltr'><strong>argumenta</strong></span> <span class='ocrx_word' id='word_1_114' title='bbox 988 1945 1170 2026; x_wconf 78' lang='lat' dir='ltr'><strong>aggredior.</strong></span> 
     </span>
    </p>

    <p class='ocr_par' dir='ltr' id='par_1_5' title="bbox 73 2035 1331 4050">
     <span class='ocr_line' id='line_1_17' title="bbox 260 2035 1331 2140; baseline 0.016 -33"><span class='ocrx_word' id='word_1_115' title='bbox 260 2045 364 2108; x_wconf 87' lang='lat' dir='ltr'><strong>Unum</strong></span> <span class='ocrx_word' id='word_1_116' title='bbox 387 2044 483 2122; x_wconf 85' lang='lat' dir='ltr'><strong>igitur</strong></span> <span class='ocrx_word' id='word_1_117' title='bbox 507 2044 675 2122; x_wconf 75' lang='lat' dir='ltr'><strong>Epicurus,</strong></span> <span class='ocrx_word' id='word_1_118' title='bbox 699 2053 733 2106; x_wconf 91' lang='lat' dir='ltr'><strong>ut</strong></span> <span class='ocrx_word' id='word_1_119' title='bbox 755 2048 996 2124; x_wconf 72' lang='lat' dir='ltr'><strong>supremum,</strong></span> <span class='ocrx_word' id='word_1_120' title='bbox 1023 2054 1173 2118; x_wconf 86' lang='lat' dir='ltr'><strong>sensibus</strong></span> <span class='ocrx_word' id='word_1_121' title='bbox 1197 2079 1283 2140; x_wconf 87' lang='lat' dir='ltr'><strong>pro·-</strong></span> <span class='ocrx_word' id='word_1_122' title='bbox 1330 2035 1331 2040; x_wconf 8' lang='grc' dir='ltr'>ἵ</span> 
     </span>
     <span class='ocr_line' id='line_1_18' title="bbox 149 2131 1281 2236; baseline 0.021 -29"><span class='ocrx_word' id='word_1_123' title='bbox 149 2131 281 2212; x_wconf 65' lang='lat' dir='ltr'><strong>&#39;hatum</strong></span> <span class='ocrx_word' id='word_1_124' title='bbox 298 2149 429 2228; x_wconf 82' lang='lat' dir='ltr'><strong>¹bubet‚.</strong></span> <span class='ocrx_word' id='word_1_125' title='bbox 444 2147 547 2210; x_wconf 88' lang='lat' dir='ltr'><strong>Omne</strong></span> <span class='ocrx_word' id='word_1_126' title='bbox 569 2165 684 2228; x_wconf 88' lang='lat' dir='ltr'><strong>corpus</strong></span> <span class='ocrx_word' id='word_1_127' title='bbox 707 2165 790 2214; x_wconf 87' lang='lat' dir='ltr'><strong>esse.</strong></span> <span class='ocrx_word' id='word_1_128' title='bbox 823 2151 907 2212; x_wconf 91' lang='lat' dir='ltr'><strong>Nam</strong></span> <span class='ocrx_word' id='word_1_129' title='bbox 929 2171 1044 2216; x_wconf 80' lang='lat' dir='ltr'><strong>revere</strong></span> <span class='ocrx_word' id='word_1_130' title='bbox 1066 2159 1106 2219; x_wconf 82' lang='lat' dir='ltr'><strong>ub</strong></span> <span class='ocrx_word' id='word_1_131' title='bbox 1129 2167 1281 2236; x_wconf 85' lang='lat' dir='ltr'><strong>omnibus</strong></span> 
     </span>
     <span class='ocr_line' id='line_1_19' title="bbox 171 2239 1278 2345; baseline 0.016 -28"><span class='ocrx_word' id='word_1_132' title='bbox 171 2255 268 2318; x_wconf 88' lang='lat' dir='ltr'><strong>rebus</strong></span> <span class='ocrx_word' id='word_1_133' title='bbox 290 2273 463 2335; x_wconf 86' lang='lat' dir='ltr'><strong>corporeae</strong></span> <span class='ocrx_word' id='word_1_134' title='bbox 486 2254 639 2334; x_wconf 84' lang='lat' dir='ltr'><strong>quaedam</strong></span> <span class='ocrx_word' id='word_1_135' title='bbox 657 2239 828 2336; x_wconf 77' lang='lat' dir='ltr'><strong>particulae</strong></span> <span class='ocrx_word' id='word_1_136' title='bbox 850 2258 1012 2342; x_wconf 89' lang='lat' dir='ltr'><strong>recedunt,</strong></span> <span class='ocrx_word' id='word_1_137' title='bbox 1035 2281 1116 2345; x_wconf 85' lang='lat' dir='ltr'><strong>quae</strong></span> <span class='ocrx_word' id='word_1_138' title='bbox 1138 2269 1169 2330; x_wconf 88' lang='lat' dir='ltr'><strong>in</strong></span> <span class='ocrx_word' id='word_1_139' title='bbox 1191 2289 1278 2335; x_wconf 86' lang='lat' dir='ltr'><strong>sen·</strong></span> 
     </span>
     <span class='ocr_line' id='line_1_20' title="bbox 169 2363 1275 2444; baseline 0.016 -20"><span class='ocrx_word' id='word_1_140' title='bbox 169 2381 227 2430; x_wconf 80' lang='lat' dir='ltr'><strong>sus</strong></span> <span class='ocrx_word' id='word_1_141' title='bbox 239 2363 371 2425; x_wconf 83' lang='lat' dir='ltr'><strong>influunt</strong></span> <span class='ocrx_word' id='word_1_142' title='bbox 389 2379 508 2440; x_wconf 85' lang='lat' dir='ltr'><strong>eosque</strong></span> <span class='ocrx_word' id='word_1_143' title='bbox 522 2368 655 2442; x_wconf 86' lang='lat' dir='ltr'><strong>tangunt</strong></span> <span class='ocrx_word' id='word_1_144' title='bbox 677 2372 710 2423; x_wconf 86' lang='lat' dir='ltr'><strong>et</strong></span> <span class='ocrx_word' id='word_1_145' title='bbox 725 2365 894 2444; x_wconf 89' lang='lat' dir='ltr'><strong>impellunt.</strong></span> <span class='ocrx_word' id='word_1_146' title='bbox 915 2365 999 2430; x_wconf 87' lang='lat' dir='ltr'><strong>ldern</strong></span> <span class='ocrx_word' id='word_1_147' title='bbox 1012 2389 1090 2434; x_wconf 90' lang='lat' dir='ltr'><strong>vero</strong></span> <span class='ocrx_word' id='word_1_148' title='bbox 1104 2375 1187 2440; x_wconf 89' lang='lat' dir='ltr'><strong>inter</strong></span> <span class='ocrx_word' id='word_1_149' title='bbox 1197 2381 1275 2443; x_wconf 85' lang='lat' dir='ltr'><strong>sin-</strong></span> 
     </span>
     <span class='ocr_line' id='line_1_21' title="bbox 166 2453 1273 2560; baseline 0.016 -29"><span class='ocrx_word' id='word_1_150' title='bbox 166 2471 261 2554; x_wconf 83' lang='lat' dir='ltr'><strong>gulos</strong></span> <span class='ocrx_word' id='word_1_151' title='bbox 281 2485 398 2533; x_wconf 81' lang='lat' dir='ltr'><strong>sensus</strong></span> <span class='ocrx_word' id='word_1_152' title='bbox 419 2466 587 2532; x_wconf 83' lang='lat' dir='ltr'><strong>discrimen</strong></span> <span class='ocrx_word' id='word_1_153' title='bbox 609 2453 767 2548; x_wconf 83' lang='lat' dir='ltr'><strong>quoddam</strong></span> <span class='ocrx_word' id='word_1_154' title='bbox 790 2471 988 2537; x_wconf 83' lang='lat' dir='ltr'><strong>intercedere</strong></span> <span class='ocrx_word' id='word_1_155' title='bbox 1010 2481 1192 2560; x_wconf 88' lang='lat' dir='ltr'><strong>etquidem</strong></span> <span class='ocrx_word' id='word_1_156' title='bbox 1205 2489 1273 2554; x_wconf 84' lang='lat' dir='ltr'><strong>alia</strong></span> 
     </span>
     <span class='ocr_line' id='line_1_22' title="bbox 156 2574 1271 2664; baseline 0.001 -22"><span class='ocrx_word' id='word_1_157' title='bbox 156 2579 289 2662; x_wconf 69' lang='lat' dir='ltr'><strong>‘oculis‚</strong></span> <span class='ocrx_word' id='word_1_158' title='bbox 318 2575 380 2644; x_wconf 83' lang='lat' dir='ltr'><strong>alia</strong></span> <span class='ocrx_word' id='word_1_159' title='bbox 405 2574 554 2652; x_wconf 77' lang='lat' dir='ltr'><strong>auribus,</strong></span> <span class='ocrx_word' id='word_1_160' title='bbox 588 2575 648 2634; x_wconf 83' lang='lat' dir='ltr'><strong>alio</strong></span> <span class='ocrx_word' id='word_1_161' title='bbox 663 2575 738 2652; x_wconf 24' lang='lat' dir='ltr'><strong>&#39;alio</strong></span> <span class='ocrx_word' id='word_1_162' title='bbox 765 2593 863 2640; x_wconf 85' lang='lat' dir='ltr'><strong>sensu</strong></span> <span class='ocrx_word' id='word_1_163' title='bbox 886 2579 1004 2658; x_wconf 85' lang='lat' dir='ltr'><strong>percipi</strong></span> <span class='ocrx_word' id='word_1_164' title='bbox 1030 2589 1271 2664; x_wconf 61' lang='lat' dir='ltr'><strong>animadvertit,</strong></span> 
     </span>
     <span class='ocr_line' id='line_1_23' title="bbox 166 2683 1268 2780; baseline 0.013 -32"><span class='ocrx_word' id='word_1_165' title='bbox 166 2686 335 2764; x_wconf 72' lang='lat' dir='ltr'><strong>Quocirca,</strong></span> <span class='ocrx_word' id='word_1_166' title='bbox 357 2691 393 2744; x_wconf 90' lang='lat' dir='ltr'><strong>ut</strong></span> <span class='ocrx_word' id='word_1_167' title='bbox 415 2683 474 2744; x_wconf 82' lang='lat' dir='ltr'><strong>inm</strong></span> <span class='ocrx_word' id='word_1_168' title='bbox 497 2699 595 2762; x_wconf 86' lang='lat' dir='ltr'><strong>supra</strong></span> <span class='ocrx_word' id='word_1_169' title='bbox 617 2683 763 2756; x_wconf 86' lang='lat' dir='ltr'><strong>indicavi,</strong></span> <span class='ocrx_word' id='word_1_170' title='bbox 788 2687 881 2750; x_wconf 88' lang='lat' dir='ltr'><strong>alium</strong></span> <span class='ocrx_word' id='word_1_171' title='bbox 893 2688 933 2753; x_wconf 89' lang='lat' dir='ltr'><strong>ab</strong></span> <span class='ocrx_word' id='word_1_172' title='bbox 946 2691 1008 2752; x_wconf 89' lang='lat' dir='ltr'><strong>alin</strong></span> <span class='ocrx_word' id='word_1_173' title='bbox 1020 2694 1151 2758; x_wconf 81' lang='lat' dir='ltr'><strong>refutari</strong></span> <span class='ocrx_word' id='word_1_174' title='bbox 1165 2720 1268 2780; x_wconf 79' lang='lat' dir='ltr'><strong>posse</strong></span> 
     </span>
     <span class='ocr_line' id='line_1_24' title="bbox 163 2791 1268 2878; baseline 0.014 -22"><span class='ocrx_word' id='word_1_175' title='bbox 163 2811 293 2856; x_wconf 87' lang='lat' dir='ltr'><strong>sensnm</strong></span> <span class='ocrx_word' id='word_1_176' title='bbox 308 2793 450 2874; x_wconf 81' lang='lat' dir='ltr'><strong>negavit</strong></span> <span class='ocrx_word' id='word_1_177' title='bbox 479 2791 562 2852; x_wconf 78' lang='lat' dir='ltr'><strong>.Sed</strong></span> <span class='ocrx_word' id='word_1_178' title='bbox 584 2792 694 2854; x_wconf 87' lang='lat' dir='ltr'><strong>cadem</strong></span> <span class='ocrx_word' id='word_1_179' title='bbox 718 2791 760 2852; x_wconf 92' lang='lat' dir='ltr'><strong>do</strong></span> <span class='ocrx_word' id='word_1_180' title='bbox 780 2811 919 2874; x_wconf 81' lang='lat' dir='ltr'><strong>caussa,</strong></span> <span class='ocrx_word' id='word_1_181' title='bbox 947 2799 1129 2876; x_wconf 72' lang='lat' dir='ltr'><strong>qualitatem</strong></span> <span class='ocrx_word' id='word_1_182' title='bbox 1159 2825 1268 2878; x_wconf 80' lang='lat' dir='ltr'><strong>rerum</strong></span> 
     </span>
     <span class='ocr_line' id='line_1_25' title="bbox 163 2899 1267 2995; baseline 0.004 -33"><span class='ocrx_word' id='word_1_183' title='bbox 163 2901 300 2978; x_wconf 80' lang='lat' dir='ltr'><strong>siugulis</strong></span> <span class='ocrx_word' id='word_1_184' title='bbox 321 2900 470 2964; x_wconf 82' lang='lat' dir='ltr'><strong>sensibus</strong></span> <span class='ocrx_word' id='word_1_185' title='bbox 487 2899 656 2962; x_wconf 83' lang='lat' dir='ltr'><strong>obnoxiam</strong></span> <span class='ocrx_word' id='word_1_186' title='bbox 671 2908 774 2978; x_wconf 79' lang='lat' dir='ltr'><strong>ratus,</strong></span> <span class='ocrx_word' id='word_1_187' title='bbox 797 2919 946 2964; x_wconf 74' lang='lat' dir='ltr'><strong>caussam</strong></span> <span class='ocrx_word' id='word_1_188' title='bbox 958 2903 1155 2972; x_wconf 82' lang='lat' dir='ltr'><strong>diversarum</strong></span> <span class='ocrx_word' id='word_1_189' title='bbox 1179 2933 1267 2995; x_wconf 89' lang='lat' dir='ltr'><strong>qua.</strong></span> 
     </span>
     <span class='ocr_line' id='line_1_26' title="bbox 163 3004 1267 3104; baseline 0.017 -39"><span class='ocrx_word' id='word_1_190' title='bbox 163 3008 287 3074; x_wconf 81' lang='lat' dir='ltr'><strong>litatum</strong></span> <span class='ocrx_word' id='word_1_191' title='bbox 313 3004 478 3072; x_wconf 85' lang='lat' dir='ltr'><strong>dumtaxat</strong></span> <span class='ocrx_word' id='word_1_192' title='bbox 500 3023 519 3064; x_wconf 87' lang='lat' dir='ltr'><strong>n</strong></span> <span class='ocrx_word' id='word_1_193' title='bbox 542 3005 678 3068; x_wconf 83' lang='lat' dir='ltr'><strong>diversis</strong></span> <span class='ocrx_word' id='word_1_194' title='bbox 700 3025 784 3086; x_wconf 87' lang='lat' dir='ltr'><strong>quoe</strong></span> <span class='ocrx_word' id='word_1_195' title='bbox 805 3009 883 3070; x_wconf 88' lang='lat' dir='ltr'><strong>inter</strong></span> <span class='ocrx_word' id='word_1_196' title='bbox 907 3010 1037 3074; x_wconf 84' lang='lat' dir='ltr'><strong>ellluvia</strong></span> <span class='ocrx_word' id='word_1_197' title='bbox 1060 3027 1093 3104; x_wconf 85' lang='lat' dir='ltr'><strong>et</strong></span> <span class='ocrx_word' id='word_1_198' title='bbox 1117 3019 1267 3103; x_wconf 86' lang='lat' dir='ltr'><strong>singulos</strong></span> 
     </span>
     <span class='ocr_line' id='line_1_27' title="bbox 160 3110 1266 3204; baseline 0.01 -27"><span class='ocrx_word' id='word_1_199' title='bbox 160 3131 279 3177; x_wconf 86' lang='lat' dir='ltr'><strong>sensus</strong></span> <span class='ocrx_word' id='word_1_200' title='bbox 301 3110 503 3174; x_wconf 87' lang='lat' dir='ltr'><strong>intercedunt</strong></span> <span class='ocrx_word' id='word_1_201' title='bbox 523 3112 700 3173; x_wconf 85' lang='lat' dir='ltr'><strong>rationibus</strong></span> <span class='ocrx_word' id='word_1_202' title='bbox 722 3111 819 3190; x_wconf 72' lang='lat' dir='ltr'><strong>duxlt,</strong></span> <span class='ocrx_word' id='word_1_203' title='bbox 841 3115 990 3197; x_wconf 72' lang='lat' dir='ltr'><strong>Proprias</strong></span> <span class='ocrx_word' id='word_1_204' title='bbox 1008 3121 1090 3185; x_wconf 88' lang='lat' dir='ltr'><strong>enim</strong></span> <span class='ocrx_word' id='word_1_205' title='bbox 1104 3129 1266 3204; x_wconf 82' lang='lat' dir='ltr'><strong>quasdem</strong></span> 
     </span>
     <span class='ocr_line' id='line_1_28' title="bbox 159 3207 1308 3311; baseline 0.019 -28"><span class='ocrx_word' id='word_1_206' title='bbox 159 3229 308 3284; x_wconf 83' lang='lat' dir='ltr'><strong>texturas</strong></span> <span class='ocrx_word' id='word_1_207' title='bbox 331 3227 363 3280; x_wconf 87' lang='lat' dir='ltr'><strong>et</strong></span> <span class='ocrx_word' id='word_1_208' title='bbox 384 3213 608 3298; x_wconf 86' lang='lat' dir='ltr'><strong>dispositiones</strong></span> <span class='ocrx_word' id='word_1_209' title='bbox 622 3207 788 3298; x_wconf 79' lang='lat' dir='ltr'><strong>corporum</strong></span> <span class='ocrx_word' id='word_1_210' title='bbox 800 3221 830 3281; x_wconf 90' lang='lat' dir='ltr'><strong>in</strong></span> <span class='ocrx_word' id='word_1_211' title='bbox 843 3240 973 3287; x_wconf 84' lang='lat' dir='ltr'><strong>sensum</strong></span> <span class='ocrx_word' id='word_1_212' title='bbox 987 3225 1091 3290; x_wconf 89' lang='lat' dir='ltr'><strong>odoris</strong></span> <span class='ocrx_word' id='word_1_213' title='bbox 1104 3233 1266 3311; x_wconf 84' lang='lat' dir='ltr'><strong>quadrare</strong></span> <span class='ocrx_word' id='word_1_214' title='bbox 1302 3237 1308 3246; x_wconf 78' lang='grc'><strong>’</strong></span> 
     </span>
     <span class='ocr_line' id='line_1_29' title="bbox 158 3329 1262 3410; baseline 0.015 -18"><span class='ocrx_word' id='word_1_215' title='bbox 158 3329 244 3392; x_wconf 88' lang='lat' dir='ltr'><strong>etin</strong></span> <span class='ocrx_word' id='word_1_216' title='bbox 272 3345 344 3391; x_wconf 90' lang='lat' dir='ltr'><strong>eum</strong></span> <span class='ocrx_word' id='word_1_217' title='bbox 374 3335 542 3408; x_wconf 86' lang='lat' dir='ltr'><strong>penetrare</strong></span> <span class='ocrx_word' id='word_1_218' title='bbox 570 3343 668 3406; x_wconf 89' lang='lat' dir='ltr'><strong>posse</strong></span> <span class='ocrx_word' id='word_1_219' title='bbox 699 3343 833 3408; x_wconf 87' lang='lat' dir='ltr'><strong>cumque</strong></span> <span class='ocrx_word' id='word_1_220' title='bbox 862 3347 901 3390; x_wconf 91' lang='lat' dir='ltr'><strong>eo</strong></span> <span class='ocrx_word' id='word_1_221' title='bbox 927 3342 1083 3396; x_wconf 80' lang='lat' dir='ltr'><strong>coeuntes</strong></span> <span class='ocrx_word' id='word_1_222' title='bbox 1106 3349 1262 3410; x_wconf 87' lang='lat' dir='ltr'><strong>contacto</strong></span> 
     </span>
     <span class='ocr_line' id='line_1_30' title="bbox 157 3423 1298 3518; baseline 0.015 -22"><span class='ocrx_word' id='word_1_223' title='bbox 157 3435 300 3498; x_wconf 83' lang='lat' dir='ltr'><strong>exciture</strong></span> <span class='ocrx_word' id='word_1_224' title='bbox 322 3423 468 3512; x_wconf 83' lang='lat' dir='ltr'><strong>odotem3</strong></span> <span class='ocrx_word' id='word_1_225' title='bbox 498 3433 577 3494; x_wconf 88' lang='lat' dir='ltr'><strong>alias</strong></span> <span class='ocrx_word' id='word_1_226' title='bbox 605 3433 760 3516; x_wconf 84' lang='lat' dir='ltr'><strong>quedrnro</strong></span> <span class='ocrx_word' id='word_1_227' title='bbox 782 3435 812 3495; x_wconf 90' lang='lat' dir='ltr'><strong>in</strong></span> <span class='ocrx_word' id='word_1_228' title='bbox 834 3439 944 3500; x_wconf 90' lang='lat' dir='ltr'><strong>oculos</strong></span> <span class='ocrx_word' id='word_1_229' title='bbox 957 3441 1070 3518; x_wconf 71' lang='lat' dir='ltr'><strong>‚elias</strong></span> <span class='ocrx_word' id='word_1_230' title='bbox 1094 3443 1131 3505; x_wconf 90' lang='lat' dir='ltr'><strong>in</strong></span> <span class='ocrx_word' id='word_1_231' title='bbox 1162 3449 1260 3512; x_wconf 82' lang='lat' dir='ltr'><strong>elium</strong></span> <span class='ocrx_word' id='word_1_232' title='bbox 1293 3449 1298 3460; x_wconf 76' lang='grc'><strong>’</strong></span> 
     </span>
     <span class='ocr_line' id='line_1_31' title="bbox 155 3536 1259 3636; baseline 0.013 -36"><span class='ocrx_word' id='word_1_233' title='bbox 155 3537 449 3600; x_wconf 84' lang='lat' dir='ltr'><strong>sensumdccrevit.</strong></span> <span class='ocrx_word' id='word_1_234' title='bbox 472 3536 566 3615; x_wconf 85' lang='lat' dir='ltr'><strong>Quod</strong></span> <span class='ocrx_word' id='word_1_235' title='bbox 589 3548 700 3616; x_wconf 87' lang='lat' dir='ltr'><strong>aperte</strong></span> <span class='ocrx_word' id='word_1_236' title='bbox 722 3543 950 3620; x_wconf 83' lang='lat' dir='ltr'><strong>cognoscimus</strong></span> <span class='ocrx_word' id='word_1_237' title='bbox 966 3562 1007 3603; x_wconf 88' lang='lat' dir='ltr'><strong>ex</strong></span> <span class='ocrx_word' id='word_1_238' title='bbox 1019 3544 1179 3630; x_wconf 85' lang='lat' dir='ltr'><strong>Diogene,</strong></span> <span class='ocrx_word' id='word_1_239' title='bbox 1203 3554 1259 3636; x_wconf 84' lang='lat' dir='ltr'><strong>ubi</strong></span> 
     </span>
     <span class='ocr_line' id='line_1_32' title="bbox 154 3645 1261 3732; baseline 0.015 -29"><span class='ocrx_word' id='word_1_240' title='bbox 154 3646 311 3728; x_wconf 76' lang='lat' dir='ltr'><strong>Epicurus</strong></span> <span class='ocrx_word' id='word_1_241' title='bbox 333 3645 372 3706; x_wconf 90' lang='lat' dir='ltr'><strong>de</strong></span> <span class='ocrx_word' id='word_1_242' title='bbox 392 3645 528 3726; x_wconf 85' lang='lat' dir='ltr'><strong>singulis</strong></span> <span class='ocrx_word' id='word_1_243' title='bbox 551 3647 728 3726; x_wconf 89' lang='lat' dir='ltr'><strong>quibusque</strong></span> <span class='ocrx_word' id='word_1_244' title='bbox 750 3646 896 3707; x_wconf 89' lang='lat' dir='ltr'><strong>sensibus</strong></span> <span class='ocrx_word' id='word_1_245' title='bbox 918 3645 1046 3708; x_wconf 88' lang='lat' dir='ltr'><strong>disserit</strong></span> <span class='ocrx_word' id='word_1_246' title='bbox 1066 3651 1098 3710; x_wconf 86' lang='lat' dir='ltr'>X</span> <span class='ocrx_word' id='word_1_247' title='bbox 1121 3654 1172 3718; x_wconf 86' lang='grc'><strong>49.</strong></span> <span class='ocrx_word' id='word_1_248' title='bbox 1193 3659 1261 3732; x_wconf 78' lang='grc' dir='ltr'><strong>Δεῖ</strong></span> 
     </span>
     <span class='ocr_line' id='line_1_33' title="bbox 73 3739 1257 3838; baseline 0.01 -27"><span class='ocrx_word' id='word_1_249' title='bbox 73 3819 78 3824; x_wconf 49' lang='grc'><strong>,</strong></span> <span class='ocrx_word' id='word_1_250' title='bbox 152 3746 190 3814; x_wconf 84' lang='grc' dir='ltr'><strong>δὲ</strong></span> <span class='ocrx_word' id='word_1_251' title='bbox 219 3746 273 3812; x_wconf 81' lang='grc' dir='ltr'><strong>καὶ</strong></span> <span class='ocrx_word' id='word_1_252' title='bbox 300 3746 460 3830; x_wconf 78' lang='grc' dir='ltr'><strong><em>νομίζειν,</em></strong></span> <span class='ocrx_word' id='word_1_253' title='bbox 490 3741 693 3824; x_wconf 68' lang='grc' dir='ltr'><strong><em>ἐπεισιόντος</em></strong></span> <span class='ocrx_word' id='word_1_254' title='bbox 719 3739 809 3834; x_wconf 71' lang='grc' dir='ltr'><strong><em>τινός.</em></strong></span> <span class='ocrx_word' id='word_1_255' title='bbox 833 3739 903 3822; x_wconf 82' lang='grc' dir='ltr'><strong><em>οἷπό</em></strong></span> <span class='ocrx_word' id='word_1_256' title='bbox 927 3747 990 3812; x_wconf 79' lang='grc' dir='ltr'><strong>τῶν</strong></span> <span class='ocrx_word' id='word_1_257' title='bbox 1020 3744 1165 3836; x_wconf 66' lang='grc' dir='ltr'><strong><em>ἔξωθεν,</em></strong></span> <span class='ocrx_word' id='word_1_258' title='bbox 1194 3752 1257 3838; x_wconf 75' lang='grc' dir='ltr'><strong><em>τοὶς</em></strong></span> 
     </span>
     <span class='ocr_line' id='line_1_34' title="bbox 150 3847 1259 3946; baseline 0.014 -28"><span class='ocrx_word' id='word_1_259' title='bbox 150 3847 283 3946; x_wconf 77' lang='grc' dir='ltr'><strong><em>μορφός</em></strong></span> <span class='ocrx_word' id='word_1_260' title='bbox 311 3848 391 3943; x_wconf 77' lang='grc' dir='ltr'><strong><em>όρᾷν</em></strong></span> <span class='ocrx_word' id='word_1_261' title='bbox 409 3849 506 3944; x_wconf 76' lang='grc' dir='ltr'><strong><em>,ἡμᾶς</em></strong></span> <span class='ocrx_word' id='word_1_262' title='bbox 533 3855 588 3920; x_wconf 79' lang='grc' dir='ltr'><strong>καὶ</strong></span> <span class='ocrx_word' id='word_1_263' title='bbox 616 3855 862 3934; x_wconf 69' lang='grc' dir='ltr'><strong><em>διανοεῖσθαι.</em></strong></span> <span class='ocrx_word' id='word_1_264' title='bbox 886 3901 923 3918; x_wconf 92' lang='grc'><strong>..</strong></span> <span class='ocrx_word' id='word_1_265' title='bbox 950 3847 996 3932; x_wconf 41' lang='grc' dir='ltr'><strong>αις</strong></span> <span class='ocrx_word' id='word_1_266' title='bbox 1009 3849 1128 3924; x_wconf 72' lang='grc' dir='ltr'><strong><em>’τόπων</em></strong></span> <span class='ocrx_word' id='word_1_267' title='bbox 1153 3865 1259 3934; x_wconf 72' lang='grc' dir='ltr'><strong><em>τινιὸι)</em></strong></span> 
     </span>
     <span class='ocr_line' id='line_1_35' title="bbox 150 3941 1314 4050; baseline 0.009 -24"><span class='ocrx_word' id='word_1_268' title='bbox 150 3941 359 4029; x_wconf 69' lang='grc' dir='ltr'><strong>1ἐπεισιόντων</strong></span> <span class='ocrx_word' id='word_1_269' title='bbox 393 3955 470 4049; x_wconf 76' lang='grc' dir='ltr'><strong><em>ἡμῖν</em></strong></span> <span class='ocrx_word' id='word_1_270' title='bbox 503 3955 586 4044; x_wconf 63' lang='grc' dir='ltr'><strong>ἀπὸ*</strong></span> <span class='ocrx_word' id='word_1_271' title='bbox 607 3961 670 4029; x_wconf 77' lang='grc' dir='ltr'><strong>τῶν</strong></span> <span class='ocrx_word' id='word_1_272' title='bbox 703 3949 903 4046; x_wconf 73' lang='grc' dir='ltr'><strong><em>πραγμάτων</em></strong></span> <span class='ocrx_word' id='word_1_273' title='bbox 929 3952 1099 4048; x_wconf 80' lang='grc' dir='ltr'><strong><em>ὁμοχρόων</em></strong></span> <span class='ocrx_word' id='word_1_274' title='bbox 1129 3990 1172 4050; x_wconf 83' lang='grc' dir='ltr'><strong>τεΙ</strong></span> <span class='ocrx_word' id='word_1_275' title='bbox 1197 3973 1254 4042; x_wconf 86' lang='grc' dir='ltr'><strong>καὶ</strong></span> <span class='ocrx_word' id='word_1_276' title='bbox 1311 4026 1314 4036; x_wconf 91' lang='grc'><em>.</em></span> 
     </span>
    </p>
   </div>
   <div class='ocr_carea' id='block_1_3' title="bbox 0 0 1440 4610">
    <p class='ocr_par' dir='ltr' id='par_1_6' title="bbox 0 0 1440 4610">
     <span class='ocr_line' id='line_1_36' title="bbox 0 0 1440 4610; baseline 0 14"><span class='ocrx_word' id='word_1_277' title='bbox 0 0 1440 4610; x_wconf 95' lang='lat' dir='ltr'><strong> </strong></span> 
     </span>
    </p>
   </div>
  </div>
 </body>
</html>
