2872 4610
611 323 907 410 aas-4

163 521 278 578 nutura
292 521 429 578 caussas
442 531 553 577 omnes
566 513 756 596 exploravit,
769 513 956 595 factumest,
972 490 1010 577 ut¹
1019 525 1160 580 naturam
1172 519 1268 586 talem

167 623 365 706 signiticaret
379 643 463 706 quae
478 643 534 705 per
545 642 583 687 se
598 626 668 686 sola
678 623 742 684 vim
758 621 923 704 gignendi,
945 625 1173 702 conformandi,
1186 645 1267 691 oon-

166 729 323 793 servandi
341 731 483 794 haberet.
505 730 600 810 Quod
623 750 662 794 eo
675 711 846 813 praecipue
860 731 1118 797 ioooaLucretio
1140 737 1271 818 profer-

142 823 147 836 *
167 845 232 918 tur,
244 855 305 919 quo
320 837 396 899 nihii
417 858 437 899 e
458 837 551 902 nihilo
574 847 606 901 et
618 839 703 900 nulla
715 837 934 900 intercedente
950 859 1011 920 ope
1022 839 1151 928 deorum
1166 845 1270 922 omnia

170 947 267 1009 cents
279 947 349 1008 suis
363 941 537 1008 seminibus
551 946 709 1026 procreari
724 945 901 1024 confirmat,
925 948 968 1008 ita
987 927 1110 1030 quidem
1124 959 1157 1012 ut
1169 951 1272 1033 ipsam

169 1071 276 1116 rernm
299 1063 432 1116 traturae
455 1053 666 1144 constantiam
689 1069 834 1116 summae
856 1057 1029 1134 potestati,
1051 1059 1175 1139 quatem
1196 1062 1272 1142 piri·-

171 1164 295 1244 iosophi
318 1173 352 1227 et
372 1166 491 1247 vulgus
512 1167 545 1225 in
568 1163 629 1226 deo
655 1161 831 1244 putabant,
860 1171 999 1244 opponat
1021 1167 1035 1227 1
1059 1167 1167 1230 14711
1191 1167 1273 1234 1072

174 1270 210 1334 V
231 1271 282 1334 tr.
307 1269 397 1346 1182.
422 1269 516 1334 1208.
590 1315 594 1322 1

341 1401 376 1452 Et
394 1403 517 1454 dominos
534 1401 623 1454 aereis
641 1401 805 1467 adsciscunt,
824 1402 914 1453 omnia
931 1417 1012 1464 posse

287 1528 293 1537 -
337 1493 413 1559 Quos
432 1495 537 1546 miserei
554 1498 678 1558 credunt,
700 1495 813 1558 ignoret,
830 1497 892 1558 quid
911 1500 992 1561 queat
1011 1509 1080 1560 esse,

143 1648 148 1657 Ι
241 1599 243 1602 ·
343 1585 412 1652 Quid
431 1590 556 1649 nequeat,
574 1586 651 1660 finita
666 1589 790 1648 potestas
808 1586 919 1650 danique
938 1589 1053 1650 quoique

342 1674 465 1741 Quanam
483 1677 519 1728 sit
537 1678 652 1742 ratione,
671 1681 751 1742 atque
768 1678 825 1727 alte
844 1679 974 1730 terminus
992 1682 1117 1735 haerens.

258 1800 431 1862 Praeterea
452 1811 531 1860 uero
554 1796 628 1860 iilud
648 1797 759 1867 mirum
783 1797 884 1861 videri
907 1817 968 1858 non
983 1807 1089 1878 potest
1101 1798 1184 1881 qued
1196 1799 1278 1880 npt-

178 1925 274 1972 curus
303 1912 336 1970 iu
359 1903 534 1968 tractandis
558 1903 730 1968 Democriti
753 1903 793 1964 de
822 1905 937 1966 atomis
967 1911 999 1966 et
1026 1925 1131 1967 vacuo
1160 1906 1278 1969 decre-
1357 1883 1361 1890 ⁴

177 2017 235 2091 tic,
256 2023 426 2096 postquam
450 2031 561 2076 omnes
583 2031 635 2074 res
658 2011 762 2074 muudi
790 2013 964 2076 seminibus
986 2017 1055 2076 suis
1076 2035 1174 2096 egere
1195 2035 1277 2082 oon·

179 2121 333 2204 firmavit,
354 2119 438 2180 haec
458 2120 581 2182 semina
597 2121 777 2181 accuratius
796 2118 960 2202 definivit,
981 2129 1014 2182 et
1035 2123 1170 2204 quidem,
1183 2143 1281 2205 prae-

180 2239 230 2294 ter
251 2247 369 2310 corpus
391 2237 423 2288 et
451 2231 546 2288 inane
571 2224 685 2290 nuliam
712 2228 837 2290 tertiam
864 2237 1008 2290 naturam
1034 2247 1151 2310 perse
1173 2231 1281 2296 consi-

181 2351 270 2405 stere
298 2333 535 2418 comprobavit3
562 2333 646 2417 quod
675 2337 769 2396 inane
798 2353 892 2398 unum
923 2336 1144 2416 incorporeum
1171 2339 1283 2402 statuit

182 2448 463 2528 necessariumque
485 2461 546 2524 quo
569 2422 752 2524 corporibus
781 2442 870 2503 iocus
892 2443 1041 2506 movendi
1067 2446 1280 2525 praeberetur.

184 2557 239 2620 Ne
260 2557 354 2618 tertia
376 2563 490 2617 natura
512 2553 565 2614 vel
587 2553 638 2614 vis
660 2552 727 2615 uile
749 2560 876 2632 praeter
898 2569 1014 2631 corpus
1035 2559 1069 2616 et
1080 2554 1174 2614 inane
1184 2556 1282 2616 statui

182 2673 306 2750 posset,
328 2665 390 2726 huc
411 2681 536 2746 quoqne
559 2661 708 2742 ampliore
729 2663 854 2722 ratione
876 2677 965 2739 usus,
988 2677 1154 2739 corporum
1175 2662 1284 2724 iuva·

188 2794 250 2838 cuo
271 2791 426 2836 summam
440 2771 590 2832 infinitam
603 2769 705 2834 Omne
720 2757 758 2830 τό
777 2765 843 2859 πᾶν
855 2786 930 2830 esse
946 2769 1124 2850 descripsit,
1146 2789 1209 2834 oon
1230 2790 1289 2836 ao-

190 2879 347 2961 iumquod
363 2880 480 2940 nullum
504 2877 597 2942 finem
619 2877 750 2938 haberet
772 2885 805 2938 et
825 2877 857 2940 in
880 2894 943 2957 quo
957 2876 1174 2956 semporaiiud
1196 2889 1290 2942 extra

188 2987 274 3056 aliud
296 2985 415 3067 fingere
437 2984 548 3056 liceret
563 2986 609 3063 ¹),
640 2983 700 3044 sed
728 2983 822 3044 etiam
852 2980 938 3062 quod
960 3001 1063 3044 omnia
1084 2982 1114 3044 in
1137 3001 1175 3046 se
1196 3003 1290 3049 eorn-

187 3097 334 3176 pieetens
362 3071 437 3156 nihil
474 3101 564 3157 extra
602 3109 640 3152 se
676 3090 809 3152 haberet
836 3089 867 3149 in
897 3086 979 3168 quod
1012 3108 1055 3150 ex
1075 3090 1146 3170 ipso
1175 3092 1290 3173 aliquid

189 3202 298 3285 egredi
326 3209 383 3261 aut
404 3220 446 3262 ex
467 3219 530 3282 quo
552 3200 582 3262 iu
604 3201 707 3280 ipsum
736 3195 853 3278 aliquid
879 3195 1004 3278 ingredi
1032 3206 1151 3278 posset
1195 3199 1291 3282 Diog.

187 3309 219 3370 X
240 3307 291 3369 41.
313 3306 362 3369 39.
405 3307 479 3368 Hoc
506 3323 585 3368 sane
617 3305 787 3386 praecipuo
818 3302 949 3364 consilio
971 3302 1102 3366 alterum
1126 3303 1315 3394 definitio«,

204 3483 508 3504 Μ

211 3595 244 3661 1)
263 3591 396 3658 Epicurea
422 3590 542 3647 definitio
574 3587 670 3640 infiniti
695 3587 767 3650 apud
793 3583 939 3648 Diogenem
965 3582 1043 3632 1141
1069 3583 1165 3644 quarta
1188 3579 1232 3628 est
1249 3589 1292 3640 ap.

262 3685 438 3739 Artstotelem
455 3685 598 3748 descripta.
619 3683 701 3742 Phys.
719 3681 802 3728 Ausa.
820 3677 859 3726 111
876 3673 895 3724 4
912 3688 937 3736 p.
954 3673 1027 3736 20³,
1046 3659 1079 3734 b,
1098 3673 1144 3720 lo.
1161 3669 1198 3720 ἔτι
1214 3670 1248 3734 τῷ
1265 3662 1299 3716 ro'

261 3785 455 3850 πεπερασμένον
472 3775 510 3829 αἐὶ
526 3775 587 3846 πρός
605 3795 628 3826 τι
644 3777 779 3840 περαίνειν,
797 3766 865 3820 ὥσπε
882 3765 975 3835 ἀνάγκη
992 3763 1071 3831 μηδὲν
1089 3763 1152 3814 εἶναι
1168 3765 1257 3826 πέρας,
1274 3758 1298 3808 εἶ

262 3873 301 3927 dri
318 3874 444 3940 arpalum
467 3869 561 3941 ἆνᾶγκη
584 3869 668 3937 ἕτερον
689 3864 751 3933 πρός
768 3861 861 3930 ἕτερον.
897 3861 938 3910 Ad
961 3854 1157 3908 Anaximandri
1181 3858 1293 3902 mentem

269 3963 343 4020 diota
360 3980 392 4018 ea
409 3976 470 4016 esse
487 3965 605 4014 affirmat
622 3957 767 4008 Brendis
784 3956 796 4002 1
816 3953 869 4002 127
887 3954 913 4000 d.
940 3949 1057 4012 singula
1074 3943 1234 3997 nuorettaoa
1251 3953 1301 3990 ar·

262 4061 390 4126 sumente
409 4057 517 4110 ubertus
535 4055 666 4120 explanat
684 4049 846 4103 desseret
868 4043 921 4097 187
937 4057 994 4109 sqq.
