2872 4610
634 297 838 362 μη...

387 481 464 534 econ
481 482 543 534 item
560 487 645 548 retro,
662 487 695 536 do
714 493 786 534 terra
804 485 944 548 qaod-init
961 493 1036 550 autc,
1053 478 1056 481 ’

386 575 415 624 iu
434 583 534 641 terram
553 583 580 628 et
597 579 668 642 qnod
686 579 794 630 missuro
812 584 853 631 est
871 593 904 630 ex
922 580 1041 630 aetheris
1059 580 1127 648 oris,

385 669 415 720 id
432 681 539 720 rursum
557 669 629 720 coeii
647 669 762 720 relatam
783 671 881 733 templa
898 677 1048 731 receptant.

180 783 276 864 Quod
298 792 369 852 eius
393 813 454 854 non
477 803 546 856 erat
567 791 685 877 dicero,
707 799 761 877 qui
783 795 886 874 perire
907 793 1028 854 animas
1050 808 1122 852 oum
1136 791 1281 868 corpori·

178 890 239 952 bus
268 893 462 974 disserebam
494 898 550 960 sed
581 901 685 962 victus
709 907 758 961 est
782 900 915 960 veritate
939 911 970 958 et
992 895 1180 978 imprudenti
1201 895 1281 956 ratio

177 1017 257 1062 vera
284 1003 473 1084 subrepsit«
518 1007 586 1069 Sed
618 1017 737 1070 tantum
772 1003 926 1070 abodtut
956 1016 1050 1088 poeta
1080 1004 1119 1066 ab
1153 1001 1281 1083 Epicuri

177 1118 286 1172 nieute
307 1111 456 1176 deflectat
479 1124 510 1178 et
535 1134 604 1178 cum
633 1117 737 1198 poetis
759 1117 819 1178 iiiia
841 1116 1041 1194 consentiat,
1073 1123 1108 1176 nt
1138 1104 1282 1174 consulto

177 1230 365 1299 argumenta
389 1241 497 1284 eorum
517 1225 660 1304 proferre
677 1224 833 1303 videatur,
858 1225 971 1304 quibus
988 1241 1078 1284 suam
1091 1219 1280 1282 sententiam

176 1322 273 1406 longe
294 1323 453 1390 diversam
477 1331 661 1412 comprobet
683 1339 714 1391 et
737 1329 896 1392 defendat.
939 1329 1041 1408 Quum
1065 1330 1146 1389 errim
1170 1339 1281 1388 omnes

175 1450 231 1494 res
261 1452 393 1516 corpora
417 1455 476 1498 sua
506 1413 586 1498 inter
616 1455 653 1500 se
683 1447 879 1500 commutare
909 1449 939 1497 et
971 1443 1160 1497 convertere
1182 1433 1277 1512 dicat,

175 1541 396 1625 Anaxagorae
411 1543 565 1626 discipulo
576 1546 715 1627 Euripidi
730 1547 855 1627 opponit
872 1545 954 1607 iiiam
971 1544 1009 1605 de
1022 1563 1124 1604 rernm
1144 1543 1282 1604 omnium·

176 1653 207 1714 in
222 1655 343 1730 ¹mundo
352 1635 445 1717 certo
468 1657 648 1719 discrimine
671 1667 700 1719 et
719 1657 812 1722 'finita
834 1669 942 1717 natura
957 1643 1158 1733 sententiam,
1172 1662 1204 1714 et
1216 1673 1278 1715 non

178 1761 283 1823 omnia
306 1762 335 1824 in
357 1764 502 1826 omnibus
519 1768 638 1844 inesse,
662 1762 721 1825 sed
733 1764 889 1844 propriam
905 1763 948 1823 rei
963 1765 1121 1843 cuiusque
1132 1769 1277 1823 naturam

176 1868 207 1930 in
231 1877 319 1932 certo
342 1871 473 1949 partium
487 1871 617 1934 foedere
635 1871 793 1933 definitam
811 1887 887 1932 esse
901 1870 1070 1931 contendit.
1096 1869 1193 1931 11871
1207 1887 1276 1950 sqq.

172 1975 263 2038 Idem
286 1961 363 2040 vero
383 1988 603 2062 argumentum
628 1979 796 2041 Lucretius
824 1979 1015 2061 opposuisse
1049 1978 1175 2040 videtur
1198 1978 1277 2038 Em·

173 2085 299 2166 pedooli
313 2086 351 2164 ¹).
376 2086 470 2166 Quod
486 2089 516 2148 in
538 2089 622 2150 huno
644 2089 696 2150 aiii
718 2089 798 2150 inter
824 2102 954 2150 veteres
976 2086 1275 2167 animadverterunt,

173 2198 366 2260 sententiam
382 2198 439 2276 *de
467 2185 614 2284 qtrattuor
637 2199 800 2260 elementis
822 2197 943 2260 divinis
966 2205 997 2257 et
1018 2195 1164 2256 animatis
1187 2193 1278 2256 alteri

173 2305 216 2366 ilii
246 2308 450 2388 incongruam
477 2325 567 2386 esse,
600 2325 663 2388 qna
691 2305 772 2366 idem
795 2305 890 2368 animi
912 2306 975 2364 vim
999 2305 1029 2366 in
1051 2304 1277 2366 elementorum

173 2413 326 2494 temperie
351 2411 487 2492 qtradam
511 2425 544 2476 et
566 2413 597 2475 in
619 2415 751 2494 partium
772 2423 860 2476 corta
882 2412 1109 2492 compositione
1135 2411 1277 2472 coliooa·

172 2529 238 2582 tam
263 2540 337 2581 esse
357 2522 484 2604 docuit,
519 2522 550 2584 id
572 2523 675 2607 ipsum
699 2541 859 2602 opponere
881 2530 914 2581 et
935 2520 1127 2583 contendere
1149 2519 1277 2579 Lucre-

173 2631 252 2689 tium
282 2631 506 2712 intelligimus,
535 2648 629 2712 quum
658 2629 720 2690 vim
755 2629 883 2690 vitalem
908 2637 940 2688 et
967 2629 1103 2689 antimum
1132 2630 1161 2688 in
1189 2635 1277 2688 certo

173 2735 304 2798 foedere
327 2737 461 2818 partium
484 2739 673 2818 consistere,
699 2735 834 2816 ideoque
856 2755 928 2795 euro
952 2755 1012 2796 non
1035 2743 1109 2796 ante
1127 2745 1276 2798 'exortum

171 2844 287 2907 snedns
312 2847 341 2905 in
364 2846 434 2906 aiiis
457 2845 553 2905 rebus
576 2844 629 2905 vei
652 2843 819 2905 elementis
851 2843 957 2904 inesse
986 2844 1148 2924 potuisse,
1178 2863 1276 2926 argu-

173 2961 341 3014 mentetur.
386 2953 426 3014 Et
450 2953 597 3013 oonsnito
621 2951 746 3034 quidem
771 2971 810 3012 ex
833 2950 976 3010 inanimis
998 2950 1091 3012 rebus
1114 2961 1149 3014 ut
1171 2953 1276 3034 frugi-

172 3059 245 3142 bus,
270 3060 415 3120 animalia
437 3071 473 3122 et
495 3059 581 3122 feras
605 3070 637 3122 et
661 3061 804 3121 homines
827 3060 941 3140 pabula
963 3077 1080 3141 capere
1092 3071 1123 3124 et
1143 3062 1274 3128 atrorum

171 3169 343 3248 partionias
373 3169 404 3232 in
425 3187 485 3229 sna
514 3187 647 3249 corpora
676 3179 866 3231 convertere
894 3169 1039 3232 affirmat.
1072 3170 1183 3232 11871
1207 3189 1275 3256 sqq.

174 3276 346 3336 Praeterea
370 3298 451 3338 vero
474 3277 644 3338 Lucretius
675 3277 715 3338 ad
746 3295 833 3338 suam
864 3280 1054 3340 sententiam
1084 3280 1276 3358 probandam

174 3390 396 3462 argumentum
420 3381 495 3442 ittud
519 3382 560 3444 de
583 3384 688 3444 avium
713 3363 795 3458 ovis,
821 3383 903 3464 quod
929 3384 1106 3462 Epicharmi
1130 3394 1161 3447 et
1183 3385 1277 3450 Ennii

168 3491 324 3552 versibus
346 3490 540 3552 celebratum
564 3499 651 3570 orat,
680 3491 828 3574 quodque
861 3491 1114 3573 philosophorum
1144 3467 1275 3556 scfioiae
1352 3485 1357 3490 ’

171 3599 255 3658 inter
286 3573 324 3657 so
356 3594 548 3658 dissidentes
583 3599 672 3660 vario
703 3595 797 3658 modo
829 3598 1006 3659 tractabant
1017 3598 1212 3684 ,adhibuia
1246 3602 1273 3661 ΙΙ

191 3866 223 3932 1)
239 3870 281 3920 {is
300 3869 473 3932 amoenans·
486 3875 610 3928 doctrina
633 3881 667 3932 ot.
687 3881 777 3933 Karst.
804 3897 828 3945 p.
847 3885 902 3934 6⁰6
920 3899 960 3948 sq.
995 3883 1153 3936 Commenta
1170 3885 1228 3937 eius
1245 3888 1276 3938 da

241 3953 392 4016 animoru-
416 3967 577 4032 migratione
599 3973 784 4036 Pythagoram
803 3977 1020 4038 pronuntiantem
1044 3975 1276 4030 intentavimus

238 4054 266 4102 in
283 4057 459 4120 metamorph.
473 4060 523 4110 XV
539 4059 673 4116 oo-ars.
690 4066 725 4114 ef.
743 4067 888 4122 annot-aer
902 4067 1001 4130 opusc.
1016 4079 1044 4132 p.
1058 4068 1195 4124 ea-taa
