2872 4610
170 463 298 530 diverso
320 469 393 530 ciba
415 475 528 550 utatur,
555 467 923 532 ab'hanodiversitatom
943 485 1007 532 ¹non
1026 469 1096 550 ipsa
1110 474 1258 549 quattuor

41 641 46 646 ,
146 575 339 656 elementa,
365 577 425 639 sed
450 579 538 642 varia
559 579 590 639 in
612 577 787 640 elementis·
799 595 933 658 corpora
952 587 985 640 et
1004 577 1146 659 figuras,
1175 592 1258 656 qnae

162 680 301 742 diversis
323 683 424 744 modis
447 684 659 748 animantibus
683 684 888 761 conveniant,
909 703 966 763 pro
987 684 1075 744 voris
1097 681 1257 762 principiis

155 788 309 854 *habenda
329 802 407 852 esso
427 789 598 855 contendit.
619 791 661 854 ef.
682 793 695 850 l
718 790 891 856 roe-lan
920 789 1058 854 ⁴Accedit
1079 791 1258 868 exemptam

161 901 193 959 in
216 897 293 958 libro
317 899 345 958 ll
367 899 543 962 ceo-ma.
587 900 757 979 Propterea
780 899 1256 982 eaim‚'qund'divemagenera

162 1005 384 1086 animantium,
415 1023 495 1087 quoe
516 1006 662 1070 dissimili
683 1009 797 1070 vivant
826 1009 936 1086 specie
959 1015 992 1066 et
1013 1016 1175 1086 parentum
1198 1021 1258 1064 na-
1311 1007 1315 1010 ’

164 1118 265 1174 turam
297 1120 330 1172 et
352 1130 457 1184 mares
487 1113 662 1195 generatim
685 1112 860 1187 imitentur,
884 1127 925 1178 etr
947 1112 1065 1177 ebdom
1091 1109 1198 1170 herbis
1226 1117 1260 1172 et

162 1219 274 1279 eodem
297 1219 385 1279 fonte
407 1221 525 1286 vietum
550 1221 687 1300 capiant,
711 1219 839 1286 diversa
860 1221 890 1280 in
913 1220 1008 1286 rebus
1023 1219 1145 1295 seuniae
1158 1218 1258 1285 insint

161 1341 302 1388 necesse
324 1344 399 1386 esse
421 1327 573 1390 decernit.

244 1434 296 1494 Itlx
320 1435 434 1514 quibus
454 1436 598 1508 omnibus
620 1435 699 1496 setis
715 1444 822 1516 patet,
846 1435 1046 1514 Lucretium,
1067 1450 1255 1515 quamquam

163 1538 205 1601 de
225 1542 374 1613 sensibus
395 1542 569 1611 doctrinam
592 1544 764 1622 separatim
788 1551 925 1604 tractare
954 1543 1030 1604 libro
1063 1548 1175 1622 quarto
1204 1544 1257 1600 in·

164 1649 283 1725 stituit,
316 1649 472 1710 tamenin
494 1650 709 1732 descriptione
732 1649 966 1730 primordiorum
998 1651 1026 1708 in
1055 1650 1132 1710 libro
1156 1649 1253 1730 primo

165 1771 197 1820 et
220 1758 363 1846 secundo
393 1777 524 1838 prorsus
556 1761 722 1842 negligere
746 1779 815 1820 eam
839 1759 1032 1840 nequivisse.
1077 1759 1259 1838 Argumen-

165 1871 199 1928 ta
230 1865 313 1930 enim
343 1869 509 1946 potissima
537 1866 577 1928 ad
607 1865 784 1950 negandum
808 1883 974 1945 corporum
997 1866 1195 1944 qualitatem,
1218 1862 1259 1923 ad

167 1973 413 2042 confirmandam
424 1943 527 2042 anteiri
541 1995 647 2039 ecrirm
665 1975 911 2056 magnitudinem
926 1982 957 2032 et
970 1973 1138 2052 figurarum
1149 1972 1260 2036 diver-

162 2081 300 2162 sitatem„
313 2081 352 2142 ab
374 2083 452 2162 ipsis
474 2082 622 2146 sensibus
637 2081 774 2146 deducta
794 2100 868 2142 esse
887 2090 1025 2160 apparet.
1050 2079 1259 2158 l’raocepisse

162 2197 270 2250 autem
288 2189 329 2248 ita
347 2190 530 2270 Epicurum,
545 2209 586 2250 ex
600 2189 651 2249 his
666 2209 789 2272 quoqne
807 2190 915 2256 verbis
930 2208 1012 2270 quae
1028 2197 1101 2250 suut
1121 2189 1151 2247 in
1167 2206 1258 2248 conra

164 2293 290 2374 pendia,
315 2297 488 2373 colligitur·
517 2295 610 2376 Diog
626 2294 713 2354 Χ55
733 2284 865 2372 Attali
851 2315 915 2378 μην
935 2284 1011 2356 οὐδὲ
1036 2291 1089 2374 dei
1108 2289 1261 2372 νομίζειν,

149 2397 267 2482 ,ποῖοι
255 2395 437 2482 μέγεθος
420 2422 453 2462 εν
480 2403 553 2474 ταῖς
574 2383 711 2483 ἀτόμοις
733 2391 909 2485 ιτιοέρχειο,
938 2396 1022 2480 ‘t'votp
1011 2389 1056 2484 μή
1077 2389 1118 2462 τοὶ
1140 2387 1258 2484 φαινό-

163 2529 245 2588 μενοι
266 2499 496 2599 ιινιτιμοιρτορῇ·
518 2499 728 2636 ποιοοιλλαγᾶς
749 2507 785 2573 δὲ
808 2532 897 2583 τινας
919 2499 1070 2630 μεγεθῶν
1090 2503 1259 2587 νομιστέον

127 2647 130 2660 ν
163 2605 256 2678 εἶναι.
277 2611 411 2678 Βέλτιον
433 2637 493 2700 yolo
506 2638 558 2680 και
572 2637 687 2680 τουτου
699 2637 938 2702 ποοσοντοςτα
960 2607 1059 2678 acad
1078 2639 1125 2678 τα
1116 2603 1260 2700 πάθη

161 2745 230 2786 κοιι
255 2715 328 2797 ade
357 2714 591 2809 αισθήοεις
619 2715 769 2808 γινόμενα
794 2713 1062 2810 ἀποδοθήσεται
1106 2725 1157 2786 Ad
1180 2727 1260 2788 baec

164 2853 242 2894 vero
266 2837 380 2913 quibus
403 2839 508 2917 pergit
530 2837 702 2916 Epicurus:
726 2833 792 2897 πᾶν
813 2831 850 2897 δὲ
864 2829 1008 2915 μέγεθος
1022 2821 1168 2916 ὑπάρχον
1184 2821 1259 2893 οὕτε

161 2929 319 3024 χρήσιμόν
341 2937 411 3004 ἐστι
435 2932 520 3027 πρὸς
539 2933 599 3016 τοὶς
619 2941 683 3004 τῶν
706 2931 886 3028 ποιοτήτων
907 2931 1085 3026 διαφοράς,
1112 2931 1260 3024 ἀφῖχθαί

162 3066 200 3108 τε
220 3041 334 3126 μέλλει
352 3044 408 3110 trel
430 3039 515 3132 πρὸς
540 3039 626 3134 ἡμᾶς
653 3039 754 3134 ὁρατή
783 3041 914 3130 ἄτομος·
949 3049 1139 3112 Lucretiann
1162 3065 1261 3130 argu-

162 3170 270 3218 menta
287 3157 496 3220 neco-522
517 3161 683 3221 referenda
706 3177 780 3220 esse
804 3169 889 3239 puto,
912 3163 943 3218 in
969 3158 1088 3236 quibus
1109 3164 1145 3217 ut
1165 3163 1261 3216 antea

141 3301 144 3308 ,
169 3275 297 3344 propter
318 3267 505 3344 parvitatem
529 3278 716 3346 atomorum,
740 3268 782 3326 ita
799 3266 858 3326 iam
882 3276 1009 3344 propter
1031 3265 1135 3324 finitas
1158 3283 1263 3324 rernm
1298 3271 1322 3329 ,’

164 3371 334 3450 qualitates
365 3383 397 3432 et
427 3393 578 3434 sensuum
608 3373 794 3436 affectiones
825 3361 886 3434 non
916 3393 1039 3434 ornnem
1061 3380 1096 3432 et
1117 3372 1261 3452 qualem-

163 3495 289 3557 cunque
311 3487 485 3540 atomorum
511 3479 756 3561 magnitudinem
780 3480 981 3542 statuendam
1001 3499 1077 3542 esse
1091 3488 1123 3538 et
1139 3475 1259 3540 finitam

163 3583 335 3667 figurarum
362 3605 434 3647 esse
456 3585 673 3648 diversitatem
699 3588 871 3648 contendit.
920 3623 923 3636 ·

257 3693 325 3754 Sed
356 3702 391 3754 ut
426 3711 522 3771 snpra
558 3695 587 3753 in
617 3695 716 3755 altero
749 3703 1006 3775 argumentorum
1038 3711 1159 3773 genere
1190 3699 1260 3753 eam

167 3797 320 3862 talionem
348 3799 529 3878 graviorem
552 3800 694 3860 exhiberi
716 3801 946 3882 cognovimuS,
978 3819 1039 3880 qua
1062 3817 1165 3859 rerum
1189 3815 1263 3858 om·-

164 3906 248 3968 nium
271 3909 305 3968 in
325 3904 441 3966 mundo
464 3916 595 3968 naturae
617 3911 794 3970 constantia
817 3907 1019 3988 describitur,
1042 3911 1085 3972 ita
1107 3911 1137 3971 in
1159 3925 1262 3990 argu·
1297 3894 1299 3898 Α
