2872 4610
609 313 816 388 ...⁴35-

331 503 420 567 Porro
438 482 511 568 nilon
530 515 659 581 succedit,
677 524 705 568 et
722 530 738 566 e
756 510 936 567 contemtltn's
953 514 1018 577 exit,

330 599 413 662 Inque
431 599 486 648 ntes
504 601 590 662 magis
608 599 754 664 appetitur,
772 621 1020 640 --------
1087 631 1091 640 ,

164 687 447 752 551453-14565
498 689 567 754 Sub
596 688 689 752 linem
720 707 799 750 vero
835 687 1074 769 descriptionin,
1100 695 1270 768 postquem

163 795 310 860 homines
335 811 465 893 eemper
491 797 575 861 uliud
605 805 678 878 post
705 795 791 860 uliud
813 804 966 881 appetere
985 806 1018 859 et
1045 815 1065 858 5
1088 815 1166 859 vero
1189 798 1270 862 sirn-

164 902 239 986 plici
269 911 404 968 naturae
430 905 513 968 heco
542 905 690 968 uberrnrc
718 904 842 984 docuit,
873 903 923 966 iris
957 902 1066 966 vernis
1099 902 1269 968 hurncnunr

162 1033 269 1099 genus
292 1015 444 1096 deplorat.
468 1014 686 1082 tntu-1435.

331 1123 408 1186 Ergo
427 1123 561 1174 herminum
579 1137 668 1186 genus
684 1103 818 1176 incussum
838 1123 992 1198 trustrnque
1009 1121 1117 1176 intorno

156 1241 160 1249 .
221 1251 223 1256 ,
331 1211 501 1272 Serapionem
519 1209 545 1260 in
563 1209 637 1260 curis
656 1208 790 1262 consumit
806 1209 930 1260 inanibus
950 1221 1065 1272 555555

338 1293 476 1356 Nimirum,
494 1292 554 1354 quin
572 1304 627 1342 non
645 1293 784 1356 cognovit,
803 1304 870 1354 quoe
888 1290 923 1340 sit
941 1290 1054 1342 habendi

335 1377 418 1439 llinis,
437 1381 465 1424 et
483 1376 590 1425 omnino
609 1363 696 1437 quoni
715 1371 823 1425 crescat
842 1388 908 1424 vera
927 1377 1067 1439 voluptas:

247 1463 250 1468 '
335 1459 416 1522 inque
434 1459 592 1512 minutatim.
604 1461 684 1509 vitani
704 1461 829 1521 provexit
847 1457 873 1507 ln
892 1459 988 1522 altuni,

118 1609 128 1620 ·
220 1583 223 1588 .
330 1543 365 1594 lit
382 1543 441 1593 nelli
460 1555 576 1606 magnos
593 1545 740 1595 commovit
757 1544 875 1594 funditus
893 1551 993 1594 aestus.

166 1635 285 1716 Neque
301 1634 331 1697 id
347 1635 458 1697 mirum
476 1635 577 1696 videri
594 1645 717 1716 potestt
740 1655 811 1698 num
827 1645 954 1716 poetam
970 1636 1020 1698 sui
1036 1635 1186 1716 temporis
1201 1643 1272 1698 tur·-
1333 1673 1336 1678 -
1389 1661 1391 1670 ¹

168 1745 231 1806 bec
259 1743 389 1805 civilesx
405 1753 437 1806 et
469 1744 659 1824 reipublicae
682 1745 882 1806 calamitates
911 1753 943 1806 et
965 1744 1141 1825 principum
1160 1741 1273 1825 impri-

169 1853 233 1914 mis
255 1850 390 1914 avaritie
411 1859 445 1912 et
463 1849 569 1913 stedia
595 1857 626 1913 ct
648 1853 869 1914 contentiones
887 1849 1169 1915 vehementissime
1181 1865 1274 1909 cnm·

161 1957 313 2020 movent.
338 1957 352 2017 l
373 1959 505 2020 lin-ll.
528 1959 570 2019 ll·
584 1958 620 2022 tt
641 1973 710 2038 sqq·
754 1957 820 2022 sec
837 1954 1274 2038 idipeequoquecootriore

161 2068 251 2128 -rntic
274 2065 471 2145 postulabat„
508 2065 593 2130 Num
616 2066 746 2145 Epicuri
769 2063 957 2144 discipulum
980 2070 1015 2126 ut
1038 2061 1169 2128 deornm
1191 2078 1272 2140 pro-

164 2171 345 2237 cidentium
369 2179 401 2234 et
424 2172 678 2251 procurationem
701 2179 821 2254 neget,
843 2179 877 2233 ut
899 2170 1079 2234 Stoicorum
1099 2185 1274 2249 crgnrtrcn-
1319 2223 1328 2230 .

170 2289 254 2360 turn,
285 2279 328 2344 53
355 2280 514 2344 hominnm
531 2280 704 2344 55555535
725 2278 876 2346 muudum
900 2286 931 2340 et
954 2278 1058 2348 omniu
1080 2294 1100 2338 5
1122 2276 1274 2338 155ίεί5-

167 2390 282 2450 etitutc
299 2407 389 2467 esne,
411 2389 545 2468 refellet,
572 2389 720 2450 miserant
738 2404 812 2448 esse
827 2384 962 2449 hominis
978 2383 1188 2446 conditionem
1208 2385 1272 2448 ium

171 2497 323 2582 aprime
347 2505 454 2559 aetate
482 2515 546 2577 qne
573 2496 700 2558 Natura
728 2493 783 2558 vel
812 2492 905 2555 tellus
924 2491 1004 2571 {enin
1031 2489 1190 2570 pepererit
1216 2503 1274 2549 re-
1302 2544 1308 2548 .

168 2603 321 2696 spondet,
344 2603 377 2666 V
397 2603 468 2666 223·
482 2620 572 2683 sqq.:

339 2710 406 2760 Tnnr
425 2721 514 2772 porro·
524 2719 598 2772 puer,
616 2711 646 2756 ut
663 2705 756 2755 saevis
774 2704 911 2767 proiectus
929 2707 962 2755 55
981 2705 1060 2769 undis

336 2793 445 2856 Navita,
464 2793 551 2841 nudus
569 2789 639 2840 honri
657 2789 736 2853 iacet,
755 2790 853 2854 infans,
870 2790 976 2852 indigus
995 2787 1066 2838 omni

338 2873 426 2924 vitali
444 2875 556 2937 auxilio,
574 2886 650 2935 quoni
671 2871 781 2933 primunr
801 2872 825 2919 in
846 2871 953 2919 lerninis
972 2883 1037 2918 oras

339 2956 453 3006 Nixibns
471 2969 504 3004 ex
521 2955 586 3005 ciro
605 2955 699 3004 matris
717 2955 822 3004 Natura
840 2952 972 3015 proludit3

338 3043 495 3106 vagituque
515 3041 606 3090 loenrn
625 3039 733 3102 lugubri
752 3037 876 3100 complet,
895 3041 923 3084 nt
941 3047 1064 3100 neqeunt
1082 3036 1140 3102 ert,

266 3184 271 3194 ¹
341 3124 417 3186 Quot
435 3127 549 3176 tantum
568 3123 599 3173 ln
617 3123 679 3172 cita
697 3123 789 3170 restet
806 3119 937 3169 transire
954 3123 1112 3172 oratorum.

172 3193 348 3294 Praeterea
370 3217 433 3279 lroc
456 3235 583 3298 quoque
609 3235 649 3276 err
671 3215 740 3294 lpse
763 3213 907 3277 doctrina
928 3215 1131 3295 intelligitur,
1155 3211 1277 3291 Epicu-

174 3343 274 3402 reum,
306 3323 357 3404 qui
393 3323 532 3404 Deorum
561 3320 625 3381 virn
645 3329 680 3380 et
702 3319 829 3380 letalem
854 3320 1081 3381 necessitatem
1104 3316 1277 3398 effugeret,

163 3450 307 3504 555555]
338 3419 370 3491 et
396 3429 534 3492 abditam
566 3436 699 3488 555555
728 3427 951 3488 necessitatem
983 3425 1128 3506 effugere
1151 3425 1277 3505 omnino

174 3523 236 3603 nou
259 3541 411 3622 potuisse.
446 3540 557 3618 ltaque
579 3536 761 3615 Lucretium
783 3537 934 3596 mortales
955 3533 1073 3595 frustra
1084 3535 1174 3594 Deos
1197 3551 1275 3611 pro-

174 3651 267 3714 cibus
297 3647 434 3728 fatigare
456 3632 750 3720 demonstrctnrcS,
780 3643 844 3702 vim
874 3641 1012 3704 abditum
1034 3651 1274 3737 commemoret,

174 3774 257 3840 quae
277 3771 331 3814 res
347 3769 459 3813 omnes
475 3739 630 3812 humanas
652 3757 685 3810 et
706 3747 898 3828 potestatem
924 3747 978 3806 vol
1000 3745 1169 3807 maximam
1194 3763 1277 3808 con-

172 3863 288 3928 tundet
310 3870 342 3934 et
363 3878 421 3941 pro
444 3858 518 3922 ludo
542 3857 660 3920 habere
681 3855 828 3926 videatur
853 3854 884 3915 V
909 3853 1025 3916 1232*
1035 3853 1116 3914 1235
1128 3851 1167 3930 ¹)

169 4002 224 4070 ‘l')
245 4008 282 4054 lle
302 3998 414 4066 ltrtyiii
431 4010 457 4052 et
474 3999 636 4053 ilruclreri
652 4001 790 4052 sententie
816 4005 906 4051 monet
930 3995 1280 4059 515555555555555

247 4097 358 4146 laceret.
378 4109 404 4156 p
422 4091 564 4154 mxlii.
1098 4106 1102 4114 ·
1142 4107 1157 4116 ·
