2872 4610
614 235 818 300 ...53-

166 415 265 509 δὲρος
292 421 344 487 καὶ
379 415 489 508 ὀλιγοῦ
514 413 638 510 πυρός,
672 414 756 509 ὅπερ
786 421 891 486 οἴεται
918 409 977 505 τήν
1003 407 1101 483 aalma
1129 407 1220 482 sima.
1237 423 1278 490 ι)

168 533 249 598 Cum
280 535 393 616 quibus
419 535 501 598 haec
529 533 668 596 Lucretii
696 533 866 614 explicatio
896 529 1107 613 comparanda
1135 537 1195 594 ast.
1225 527 1274 589 V

166 643 342 706 510-518.

332 761 374 812 Ex
392 765 508 824 utraque
524 760 616 823 polum
634 766 713 822 panta
730 771 852 822 premere
869 759 943 821 aena,
961 755 1038 807 nonu

333 853 480 904 Dicendum
499 856 551 916 est,
568 857 698 915 utraque
713 858 808 903 tencre
826 853 854 901 et
869 851 979 901 cludere
996 848 1136 912 utriscum

332 943 396 996 lule
412 946 496 996 aliuco
514 959 599 1006 sopra
614 949 705 1004 tuere,
723 949 804 1007 stoue
821 944 956 996 intendere
972 943 1075 1002 colen,

332 1034 393 1100 Quo
412 1035 552 1086 volvenda
568 1035 668 1084 micant
684 1033 787 1084 aeterni
804 1033 895 1082 sidera
913 1028 1017 1090 munem

332 1127 385 1174 Ast
401 1125 489 1184 alium
501 1127 604 1188 subter,
622 1129 720 1174 contra
736 1124 779 1186 qul
798 1123 931 1172 subvehat
946 1121 1060 1182 orbem3

334 1220 369 1268 Ut
385 1217 482 1267 numos
501 1229 614 1266 vorsare
632 1221 708 1265 rotas
726 1221 806 1278 atque
824 1216 934 1264 haustra
951 1214 1081 1262 videmus.

167 1319 252 1382 Solis
279 1327 384 1380 entem
410 1318 524 1380 ardore
545 1339 563 1380 e
585 1327 669 1380 torna
697 1319 857 1380 excitatus
882 1316 978 1379 sudor
1007 1326 1059 1380 cst
1079 1317 1098 1378 i.
1120 1336 1147 1378 e.
1170 1313 1270 1376 maris

168 1428 253 1490 salsa
275 1427 367 1491 unda.
390 1428 483 1492 [μοι.
505 1427 538 1488 V
563 1427 620 1488 181
646 1433 716 1507 sqq.

337 1547 421 1608 Inque
440 1547 498 1594 dies
516 1551 618 1609 quincto
636 1547 735 1596 circum
754 1547 841 1612 magis
859 1546 976 1597 aetheris
996 1552 1089 1596 castus

335 1637 370 1686 Et
388 1637 471 1685 radiat
489 1637 557 1700 solis
575 1613 843 1700 cogebant‘uouique
862 1640 960 1687 terram

335 1728 500 1778 Verberibus
519 1727 630 1795 crebris,
648 1732 771 1776 extrema
789 1731 821 1776 ad
839 1728 934 1777 limina
951 1729 1083 1788 apertam,

334 1821 363 1868 lu
383 1819 467 1868 niedio
486 1823 516 1868 ut
532 1819 663 1880 propulsa
680 1831 731 1868 suc
750 1817 886 1867 condensa
904 1818 1007 1880 coiret3

335 1912 400 1960 lom
418 1912 504 1974 magis
522 1923 669 1970 expressus
686 1911 779 1960 salsus
797 1912 828 1960 de
847 1923 962 1972 conpore
979 1912 1063 1960 sudor

344 2003 472 2064 Augebat
490 2015 562 2050 more
577 2025 592 2040 -

171 2099 360 2162 Plutarchus
390 2101 431 2178 pl.
462 2099 512 2179 ph.
539 2102 583 2162 lll
609 2103 655 2164 16.
697 2089 940 2185 Ἐμπεδοκλῆς,
974 2096 1100 2192 ἱδρῶτα
1123 2099 1184 2188 τῆς
1211 2102 1271 2190 γῆς

170 2200 379 2289 ἐκκαιομένης
400 2195 465 2268 ὑπὸ
485 2203 545 2268 τοῦ
565 2197 658 2292 ἡλίου
685 2199 741 2270 διδ
766 2198 824 2292 τήν
852 2203 908 2270 ἐπὶ
934 2199 971 2272 od
993 2205 1108 2272 misico
1128 2206 1273 2294 πδλησιν.

173 2315 376 2396 Empedoclis
399 2315 566 2380 dictionem
578 2323 736 2380 immerito
749 2319 938 2379 Aristoteles
953 2321 1148 2402 perstringit.
1172 2321 1272 2398 Arist,

172 2421 308 2481 Meteon.
340 2401 418 2482 113,
454 2423 502 2481 lta
533 2423 613 2483 enim
636 2425 687 2484 ille
718 2436 748 2483 et
779 2424 874 2484 maris
905 2422 1058 2505 originem
1088 2433 1123 2486 et
1149 2423 1272 2487 salsum

171 2528 265 2587 maris
287 2545 433 2608 saporem
457 2531 616 2608 explicuit.
642 2534 736 2592 Arist.
760 2532 833 2594 ibid.
854 2534 884 2595 ll
909 2535 934 2596 l.
962 2523 1015 2594 διδ
1044 2529 1098 2594 καὶ
1125 2523 1275 2618 ἂλμαριῖν

173 2621 339 2696 εἶναικαὶ
361 2625 421 2721 γαρ
444 2625 462 2698 d
485 2627 585 2722 ἱδρώς
606 2627 758 2724 ἁλμυρὸς.
801 2642 939 2723 Saepius
970 2651 1076 2704 autem
1099 2644 1273 2706 lauoretius

173 2741 214 2803 de
235 2745 331 2804 maris
357 2747 443 2808 salso
467 2746 597 2810 humore
620 2745 694 2810 dicit
707 2751 747 2816 2).

255 2851 336 2916 Post
365 2856 599 2917 constitutionis
630 2856 856 2918 elementorum
880 2865 911 2918 et
932 2840 1137 2920 maximarum
1165 2856 1273 2920 manndi

172 2957 306 3037 partium
329 2961 572 3037 explicationem
587 2963 759 3024 lniorotlns
782 2963 820 3023 od
837 2973 952 3024 tensam
973 2966 1141 3026 revertitur
1157 2965 1187 3024 V
1201 2964 1273 3026 778.

171 3063 223 3124 Ad
245 3074 428 3126 consuetam
451 3076 554 3127 autem
576 3069 659 3129 illam
684 3070 885 3148 comparandi
899 3073 1060 3152 rationem,
1084 3080 1199 3133 ternam
1215 3093 1270 3133 re-

172 3182 293 3235 centem
317 3171 467 3234 describit
489 3184 638 3254 tanquam
662 3175 776 3236 animal
798 3179 1172 3259 paullatimaocresoens‚
1194 3189 1225 3240 et
1240 3189 1275 3242 ut

172 3282 297 3344 animali
320 3281 453 3362 primum
479 3283 600 3361 plumas
623 3292 654 3342 et
676 3277 757 3362 pilos
781 3292 813 3343 et
836 3294 935 3363 setas,
958 3285 1001 3346 ita
1023 3293 1126 3346 terrac
1150 3287 1275 3367 plantas

178 3398 210 3453 et
239 3389 371 3451 arbores
400 3390 520 3452 innasci
549 3388 632 3452 dicit.
675 3389 725 3450 De
747 3391 942 3470 Empedoele
972 3392 1130 3456 Plutarch.
1154 3383 1199 3478 pl.
1223 3395 1275 3474 ph.

173 3498 205 3559 V
229 3495 279 3562 26.
310 3492 426 3579 πρῶτα
446 3492 510 3557 τῶν
532 3485 624 3582 {odeum
651 3485 694 3558 eoi
716 3493 849 3581 δένδρα·
864 3492 898 3559 ἐκ
927 3495 986 3581 γῆς
1007 3487 1163 3562 ἀναδῦναί
1184 3517 1277 3583 φησι,

173 3602 250 3690 πρὶν
271 3596 327 3668 τὸν
358 3593 452 3690 ἣλιοι
479 3602 846 3692 περιαπλωθῆναι...
869 3597 953 3669 ὥστε
984 3603 1044 3691 γῆς
1070 3593 1159 3669 ¹sinac
1187 3602 1276 3692 μέρη

172 3737 438 3751 ——uu--u-n-u

193 3805 225 3870 t)
243 3809 337 3858 Karst.
357 3823 379 3872 p.
398 3809 461 3860 42³.
742 3868 746 3873 .

192 3897 226 3964 θ)
246 3900 326 3947 Lacr.
350 3899 361 3946 1
387 3899 450 3946 897.
477 3899 513 3948 111
538 3898 602 3946 492.
630 3895 712 3948 1044.
737 3897 760 3944 V
781 3897 845 3948 702.
871 3896 951 3947 tcto.
978 3899 1016 3951 l'l
1037 3897 1101 3947 tas.
1124 3899 1188 3948 634,
1212 3899 1266 3950 sat
1319 3927 1322 3934 ,
