2872 4610
170 485 239 550 Sed
270 502 335 568 pax
367 496 399 550 et
432 485 603 552 eoncordia
638 501 721 566 quae
753 493 806 548 est
834 486 863 546 iu
895 486 986 548 coelo
1018 493 1050 546 et
1085 481 1270 558 clementis,

172 594 263 673 quasi
285 593 468 655 diffunditur
489 611 587 673 supra
609 600 706 654 totam
729 601 843 652 terram
866 601 899 654 et
921 601 1057 671 occupat
1069 591 1270 654 animantium

172 701 309 762 omnium
324 710 465 781 pectora.
486 703 627 780 Tempus
647 717 780 760 vernum
804 709 861 759 est.
886 699 928 762 m
951 707 985 759 ut
1007 700 1150 776 inprime
1166 696 1271 757 moedi

171 817 242 868 ortu
265 807 357 869 eaiidi
380 810 457 868 soiis
479 816 511 869 et
531 809 674 868 imbrium
697 805 839 868 efficacia
862 808 1001 867 maxima
1020 807 1096 880 fuit,
1127 814 1159 867 et
1188 815 1270 865 terra

169 911 303 992 primum
326 913 452 993 piantes
467 921 499 974 et
512 913 654 990 arbores,
678 910 792 973 deiude
813 911 974 990 volueres,
989 921 1150 991 postremo
1162 921 1270 972 estora

169 1019 318 1080 animalia
342 1027 373 1078 et
397 1018 543 1091 homines
564 1021 707 1094 creavit,
739 1020 782 1081 ita
794 1005 833 1078 ‘iu
856 1018 970 1080 muodo
993 1020 1146 1098 perfeeto,
1171 1037 1273 1080 veruo

169 1145 297 1207 semper
312 1136 467 1208 tempore,
491 1143 586 1212 quum
608 1126 720 1187 aether
742 1133 775 1185 et
797 1134 880 1186 terra
902 1130 993 1205 quasi
1016 1127 1170 1188 eouuubio
1191 1141 1271 1187 eou-

169 1239 342 1320 iuuguutur
354 1245 385 1297 et
398 1247 481 1297 terra
495 1235 689 1299 coelestibus
704 1233 851 1296 imbribus
862 1236 1017 1314 impietur,
1041 1253 1091 1294 res
1114 1233 1216 1294 denuo
1240 1235 1272 1294 iu

169 1345 269 1404 vitam
294 1353 325 1403 et
348 1343 474 1404 luminis
502 1359 574 1402 oras
603 1340 810 1417 reducuntur3
842 1357 881 1400 ac
903 1351 985 1401 terra
1015 1345 1146 1420 primum
1176 1342 1270 1402 flores

169 1451 354 1526 summitti13
377 1457 511 1530 surgunt
523 1467 564 1509 ex
585 1467 625 1509 ea
647 1447 758 1529 fruges
770 1456 803 1508 et
815 1447 945 1508 arbores
957 1448 1135 1522 virescuot3
1159 1449 1187 1508 in
1199 1449 1270 1508 ani·
1301 1507 1305 1516 ,

171 1562 331 1622 mantibus
345 1568 450 1622 autem
475 1578 555 1620 aver
578 1562 819 1640 primum-nova
841 1557 874 1617 vi
895 1557 1028 1618 coelitus
1041 1557 1280 1637 percutiuntur,-

170 1671 287 1734 deiude
308 1681 416 1733 cetera
441 1673 562 1750 omnia,
594 1679 627 1730 ut
653 1671 775 1750 pabulis
797 1670 959 1752 gaudeant
981 1681 1013 1732 et
1035 1677 1273 1765 recreerrturlet

170 1796 281 1840 amore
303 1782 518 1861 coniugentur
539 1787 571 1839 et
596 1796 715 1860 genera
738 1795 794 1837 sua
817 1785 1004 1858 propagante

255 1885 359 1964 Quam
383 1886 626 1965 descriptionem
650 1885 695 1946 ad
718 1884 859 1945 Lucretii
882 1899 997 1944 versus
1020 1884 1034 1943 Ι
1059 1882 1071 1943 i
1096 1901 1164 1966 sqq.
1187 1902 1270 1964 pau-

119 2047 124 2056 .
168 1993 217 2055 cis
239 1991 466 2072 adumbratam,
489 2011 586 2072 supra
611 2003 655 2072 (p.
679 1992 735 2064 42)
758 2011 827 2054 eum
844 1990 1002 2071 Euripidis
1016 1991 1164 2052 versibus
1178 2009 1270 2052 com-

168 2100 289 2179 paravi.
332 2098 398 2164 Sed
421 2100 557 2162 conciuit
580 2098 673 2178 piaue
695 2098 808 2158 eadem
832 2116 904 2158 eum
927 2098 1083 2158 sententia
1106 2097 1271 2178 Empedo-

169 2206 249 2286 eiis,
279 2205 479 2286 quiquidem
503 2206 533 2265 in
556 2203 662 2264 muudi
684 2213 716 2266 et
737 2222 838 2265 rerum
865 2213 996 2265 naturae
1018 2204 1143 2265 caussis
1166 2207 1270 2285 expii-

169 2312 282 2376 caudis
307 2312 423 2374 Veneri
444 2313 525 2374 deae
546 2313 609 2372 vim
632 2310 789 2373 efficiendi
815 2319 846 2372 et
868 2310 1085 2372 conformandi
1106 2312 1271 2391 plurimam

167 2419 347 2499 adscripsit
400 2420 508 2500 Atque
543 2420 769 2500 Empedoclem
801 2403 831 2479 id
865 2421 1088 2499 potissimum,
1121 2417 1246 2498 quod'
1238 2439 1269 2500 m

169 2533 376 2593 animantium
405 2541 536 2611 pectore
565 2541 598 2593 et
625 2533 755 2600 artubus
777 2513 964 2612 voluptatis
967 2537 1004 2591 et
1025 2531 1185 2593 amicitiae
1205 2531 1269 2594 vim

151 2639 331 2722 uigentem
355 2651 388 2701 et
408 2646 647 2719 praepotentem
669 2642 789 2718 sensit,
814 2641 998 2718 commovit,
1023 2646 1054 2698 ut
1077 2639 1172 2700 etiam
1195 2638 1268 2699 uni·

167 2765 287 2809 versae
320 2756 453 2809 naturae
487 2744 579 2806 deam
614 2746 865 2826 potentissimam
902 2751 1123 2825 praeponeret.
1175 2741 1269 2824 Quod

167 2865 265 2937 poeta
285 2854 335 2916 iris
356 2852 505 2915 uersibus
526 2855 598 2932 ipse
618 2850 777 2915 declarat:
800 2872 831 2913 v.
857 2852 918 2921 110
940 2869 1009 2934 sqq.
1097 2866 1102 2874 ‘¹

334 2980 383 3050 ἥτις
399 2987 440 3036 nei
456 2987 584 3048 θνητοῖσιν
600 2983 706 3045 {rigeret
723 2983 831 3050 ἔμφυτος
841 2962 973 3052 'dafftfflts

332 3079 363 3140 τῇ
379 3092 408 3124 rr
424 3073 481 3138 pedor*
497 3077 623 3141 ppore‘ooo'
641 3067 679 3124 ἰδ”
691 3073 775 3139 querca
791 3075 850 3144 lepre
867 3077 970 3138 τελοῦσι,

334 3163 472 3234 yqdouu'rqr
489 3169 617 3224 καλέοντες
634 3164 769 3232 ἒπιᾶνυμον
785 3164 822 3233 ἧδ’
836 3163 991 3233 Ἀφροδίτην.

335 3256 381 3319 τήν
398 3255 463 3313 οὔτις
480 3253 576 3361 ,μεθ’
560 3276 637 3308 anem
653 3255 809 3324 ἑλισσομένην
826 3255 930 3324 δεδᾰηκο

331 3343 458 3411 θνητος
441 3344 509 3414 ανήρ.

165 3467 339 3530 Eandem'
332 3470 481 3550 imprimis
503 3487 653 3532 caussam
675 3471 862 3552 Epicureum
886 3473 1068 3536 ercretium
1090 3472 1130 3534 ad
1153 3473 1266 3534 Veno-

165 3576 209 3637 ris
224 3574 295 3656 ‘vim
317 3576 347 3636 iu
368 3585 478 3637 natura
499 3576 709 3639 exiribendam
734 3561 935 3660 perduxisse,
958 3599 998 3641 ex
1023 3581 1164 3661 magistri
1185 3579 1265 3659 Epi-

166 3683 233 3742 curi
262 3684 455 3764 gravissima
485 3683 535 3743 ilia
564 3682 605 3744 de
634 3685 836 3746 animantium
869 3695 1001 3746 naturae
1033 3683 1065 3746 vi
1095 3695 1127 3747 et
1161 3685 1263 3750 indole
1322 3749 1328 3763 ,

164 3787 343 3867 sententia,
374 3804 436 3866 qua
458 3786 558 3848 fatum
582 3797 614 3848 et
636 3792 862 3850 necessitatem
886 3792 997 3871 negari
1019 3791 1136 3870 voluit,
1167 3809 1262 3872 supra

165 3900 214 3975 (p.
233 3893 290 3962 28)
313 3896 441 3956 corrieei.

248 4018 314 4080 Sed
337 4020 416 4082 satis
437 4019 519 4082 haec
541 4020 580 4082 de
606 4018 810 4100 Empedocie.
842 4019 959 4085 Restat
980 4028 1085 4082 umen
1110 4029 1144 4080 ut
1158 4037 1280 4102 pauca,
1302 3982 1306 3990 -
