2872 4610
570 293 829 354 ,,.ω...

175 485 236 546 'dx
258 483 309 544 illa
332 473 412 544 vero
429 483 668 559 comparatione
688 485 719 538 et
741 495 782 536 ex
808 473 918 555 paucis
939 490 1022 554 quae
1041 466 1146 530 adhue
1161 484 1276 546 super-

180 588 468 668 aseneumpedoetis
481 586 634 666 reliqum,
657 583 823 664 colligitur,
847 600 918 643 eum
933 579 1080 642 diversas
1101 575 1203 638 mrrndi
1218 593 1276 633 ae-

181 707 268 758 tates
283 695 546 775 descripsisse-et
569 693 918 770 interseeomparesse.
943 685 1158 748 Ceciniteuim
1176 686 1276 760 prima

170 811 289 867 ‘aetate
298 805 455 864 Venerem
464 803 565 864 Deam
578 818 750 882 regnasset
763 819 792 858 v.
802 795 865 858 370
876 783 959 854 ἀλλά
975 779 1102 876 Κύπρις
1111 786 1276 872 beelteem

177 922 213 974 et
238 933 295 972 ner
317 919 504 992 perpetuum
527 918 560 972 et
579 917 722 970 naturam
744 903 1025 976 foecundissimarn
1047 903 1150 962 fuisse

178 1047 207 1084 v.
226 1037 281 1084 368
299 1049 341 1098 sq.
381 1030 483 1102 δένδρεα
502 1031 528 1082 δ’
546 1029 720 1095 ἓμπεδόφυλλα
736 1035 775 1090 καὶ
797 1027 978 1094 ἕμποδόκαρπα
995 1028 1094 1091 rr'dqlr,

378 1129 478 1189 καρπῶν
496 1120 629 1187 dpdortpue
646 1119 750 1187 κατὴρεα
766 1117 843 1172 πάντ’
862 1116 983 1170 ἐνιαυτόν.

178 1202 260 1295 inter
274 1232 417 1294 homines
435 1242 540 1294 antem
557 1241 590 1292 et
607 1233 693 1294 l'eras
711 1252 821 1312 pacem
837 1241 867 1292 ct
880 1227 1078 1292 concordiam
1095 1226 1278 1290 constitisse

178 1363 208 1404 v.
226 1355 283 1404 ³64
300 1368 339 1417 sq.
379 1354 436 1404 ἕνθ’
452 1349 513 1419 ἦσαν
530 1357 601 1404 arlia
617 1351 704 1404 adura
721 1358 760 1404 καὶ
778 1351 929 1418 ἆνθρῶποισι
946 1355 1061 1419 προσηνῆ,

379 1449 447 1514 φῆρές
465 1451 487 1495 τ’
505 1446 589 1496 οἰωνοί
604 1464 640 1502 rr,
657 1442 860 1522 prloppoudrthr
878 1441 966 1510 δεδήει.

176 1539 304 1604 Eodem
327 1539 601 1603 modoLueretius
624 1551 738 1614 terrum
762 1551 864 1602 narrat
888 1543 986 1621 prima
1012 1539 1156 1599 arrimalia
1180 1557 1278 1598 averno

180 1657 324 1728 tempore
346 1647 533 1728 protulisse3
556 1649 584 1707 in
608 1648 772 1710 elementis
796 1657 899 1709 autern
916 1649 1097 1728 temperiem
1121 1648 1224 1708 fuisse
1246 1655 1279 1706 ut

179 1756 297 1834 pariter
318 1771 470 1818 creseere·
487 1757 633 1817 animalia
656 1767 788 1836 possent
810 1758 840 1817 V
863 1757 937 1820 800.
958 1757 1137 1819 stu-820.
1170 1834 1176 1847 ⁵
1260 1731 1265 1743 ¹

380 1882 541 1933 alacritas
559 1883 647 1931 mundi
667 1896 714 1932 nee
732 1883 836 1946 frigora
854 1886 921 1932 dura
939 1884 1036 1944 ciebat,

379 1971 436 2020 Nec
454 1972 549 2022 nimios
565 1963 667 2035 nestor,
685 1986 736 2022 nec
755 1974 859 2038 maguis
877 1973 979 2023 viribus
998 1987 1092 2024 auras.
1160 2021 1165 2030 ,

379 2063 475 2114 Omnia
494 2063 562 2112 euim
582 2066 684 2124 pariter
702 2069 832 2114 creseunt
849 2071 875 2114 et
892 2066 993 2114 robora
1010 2068 1130 2114 sumunt.

180 2176 287 2239 porro,
311 2164 453 2218 naturam
477 2155 665 2216 foecundam
694 2157 819 2218 abunde
846 2158 1031 2218 mortalibus
1052 2155 1278 2238 suppeditasse

178 2261 219 2326 ad
241 2265 436 2344 voluptatem
459 2264 646 2344 explendam
670 2263 702 2325 V
724 2265 795 2326 935.

377 2363 454 2433 Quod
472 2371 515 2419 sol
534 2377 613 2432 atque
631 2372 729 2420 imbres
748 2372 884 2436 dederant,
902 2375 972 2435 quod
992 2375 1067 2423 terra
1085 2379 1193 2424 crearat

380 2465 485 2524 sponte
502 2477 562 2525 sua,
580 2463 648 2512 satis
667 2465 691 2512 id
711 2464 837 2524 placabat
856 2469 970 2525 pectora
988 2470 1095 2515 dunum.

178 2555 220 2619 ef.
242 2557 270 2616 ll
295 2553 378 2615 trus
398 2573 467 2633 sqq.
490 2553 624 2632 deniqne
646 2554 790 2615 homiues
814 2556 873 2616 sibi
896 2575 1054 2642 quemque
1077 2558 1220 2618 valuisse
1244 2566 1276 2619 et

178 2663 318 2742 vixisse;
342 2662 585 2722 conciliatricem
608 2680 687 2722 vero
710 2662 869 2724 Venerem
893 2661 995 2723 fnisse
1017 2664 1048 2724 V
1070 2664 1141 2725 959.

376 2768 479 2826 Sponte
497 2779 549 2815 sua
564 2767 616 2814 sibl
635 2767 746 2828 quisque
764 2769 858 2816 valere
875 2773 905 2816 et
923 2767 1018 2818 vivere
1037 2771 1142 2820 doetus.

378 2858 412 2909 llt
431 2858 524 2908 Venus
543 2857 571 2906 io
588 2858 664 2906 silvis
682 2857 811 2921 iungebat
828 2871 944 2922 corpora
962 2864 1109 2910 amantum.

257 2946 323 3011 Sed
346 2945 427 3008 haec
449 2948 574 3027 quidem
600 2947 639 3008 de
662 2948 766 3009 mundi
788 2967 957 3028 rerumque
980 2949 1101 3032 origine
1123 2958 1155 3010 et
1175 2949 1281 3030 prima·

175 3055 428 3119 conformatione
450 3057 618 3120 hactenus.
658 3058 723 3117 lam
746 3075 847 3135 pauca
869 3054 909 3116 de
930 3056 1046 3117 mundo
1064 3058 1206 3137 perfecto
1223 3057 1276 3118 di·

173 3145 278 3224 cenda
304 3172 387 3226 sunt.
443 3163 655 3243 Empedocles
692 3163 840 3250 mundum
877 3183 897 3224 e
927 3173 1075 3244 quattuor
1109 3166 1274 3246 elementis

174 3269 364 3349 composuit.
409 3269 475 3332 Sed
500 3279 533 3332 ut
557 3271 595 3332 de
617 3270 713 3352 rebus
734 3269 871 3350 singulis
901 3273 1045 3332 omnibus
1069 3280 1101 3332 et
1129 3265 1274 3334 arnman-

173 3376 258 3443 tibus
280 3378 477 3459 observavit,
500 3379 639 3439 membra
662 3397 770 3442 eorum
794 3378 923 3445 diversa
940 3383 973 3443 ui
989 3381 1179 3440 concordiae
1193 3399 1273 3440 eorr-

173 3485 285 3563 tineri,
317 3487 360 3546 ita
390 3497 512 3567 quoque
540 3487 637 3546 totius
665 3484 769 3546 mundi
799 3503 916 3566 eorpus
944 3487 1013 3547 sola
1044 3490 1271 3549 elementorum

174 3598 345 3658 eoncordia
367 3601 419 3660 vel
447 3607 602 3660 concentu
636 3597 772 3677 quodam
808 3605 839 3656 et
868 3597 1059 3678 aequalitate
1087 3597 1272 3681 corrservari

165 3705 325 3789 decrevit.
369 3706 411 3766 Et
442 3707 598 3767 elementa
626 3705 772 3787 quidem,
806 3707 889 3786 quod
919 3707 1045 3786 singula
1079 3715 1208 3764 naturae
1239 3705 1270 3764 vi

175 3823 207 3873 et
228 3813 330 3875 indole
353 3814 435 3874 iuter
456 3833 494 3875 se
517 3814 647 3876 diversa
663 3822 784 3894 esseut,
808 3826 985 3896 propterea¹
1000 3821 1120 3872 certare
1143 3830 1272 3892 semper

173 3930 207 3981 et
222 3924 300 3982 inter
318 3940 355 3982 sc
371 3920 541 3999 dissidere,
565 3939 675 3982 verum
688 3898 822 3980 alterum
839 3920 927 3980 alteri
944 3938 1072 3999 semper
1088 3907 1132 3980 nd
1143 3928 1269 3998 tempus

173 4037 293 4090 tautum
317 4029 467 4090 dounnari
490 4038 522 4090 et
543 4028 732 4107 succedere,
757 4035 790 4087 et
809 4027 893 4089 nullo
916 4025 1008 4088 ruodo
1031 4027 1190 4100 interitum
1208 4044 1271 4105 pn-¹
