2872 4610
618 261 819 370 ssrp..

169 477 274 540 ¹restut
305 469 408 550 uiind,
439 471 468 532 in
490 489 552 550 quo
576 481 670 552 poeto
692 469 787 534 neue
810 469 864 530 cui
884 464 986 530 videri
1006 462 1110 548 possit
1129 463 1169 526 ob
1189 463 1282 544 Epi·

175 577 370 639 occinente
394 576 581 640 descivisse.
624 577 684 640 Ubi
708 577 791 640 enim
815 575 856 638 dc
876 575 971 636 rebus
986 573 1180 638 coelestibus
1201 571 1284 632 dis-

176 687 252 747 serit
285 696 315 748 ct
343 689 480 750 siderum
510 690 539 749 in
568 689 659 752 coeio
688 697 793 752 ructus
820 684 980 764 explicat,
1013 681 1281 744 adversariorum

176 794 312 872 opinioni
335 795 375 856 illi
402 795 514 857 fovere
543 794 686 870 uidetur,
721 793 825 854 sidero
856 810 988 872 corporo
1016 808 1092 850 esse
1124 789 1283 850 unimuta.

178 899 208 962 V
230 903 293 963 525
313 902 375 978 (ci.
398 903 467 965 477.
498 905 513 964 Ι
537 903 643 976 1033).
689 903 756 966 Sed
787 902 930 966 Rittcrus
944 906 969 972 ¹)
991 900 1045 981 qui
1070 897 1104 960 id
1130 897 1171 958 de
1199 898 1280 958 hu-

178 1012 278 1071 cretio
309 1013 490 1092 contendit,
526 989 589 1076 nou¹
618 1015 865 1096 animadvertit,
900 1016 1002 1096 ipsum
1035 1014 1207 1093 Epicurum
1243 1011 1282 1072 in

181 1118 379 1197 explicandis
415 1123 563 1184 meteoris
600 1123 683 1184 iliam
719 1121 843 1204 quidem
879 1124 1056 1201 opinionem
1093 1137 1153 1181 nou
1188 1120 1282 1180 reic-

179 1226 283 1303 cisse,
314 1226 419 1289 sidero
443 1230 621 1290 nuirnaiium
646 1232 742 1290 instar
765 1250 820 1309 por
849 1229 928 1292 coeii
957 1230 1107 1307 regiones
1129 1229 1273 1290 circum·

176 1333 299 1412 vagari,
324 1343 355 1394 et
382 1335 475 1416 igneo
498 1356 628 1417 corporo
651 1357 691 1398 ex
713 1337 867 1399 aviditate
890 1335 1025 1418 quodum
1047 1334 1164 1415 pabuli,
1187 1333 1279 1414 qnod

180 1427 385 1501 accendendo
412 1441 680 1524 depascerentur,
704 1463 832 1525 sempor
853 1445 882 1504 iu
904 1441 1048 1524 proxiu'm
1070 1459 1213 1522 quaeque
1237 1449 1275 1500 et

180 1548 405 1627 consequentia
433 1549 500 1610 ioco
530 1549 713 1629 procedere.
760 1551 853 1632 Diog.
882 1549 912 1612 X
941 1549 991 1610 92.
1014 1547 1105 1618 932).
1148 1548 1280 1608 Huius-

177 1653 262 1714 modi
285 1663 389 1714 autern
410 1661 662 1734 comparationes
685 1659 822 1736 Epicuro
844 1676 905 1718 nou
928 1655 1053 1718 omuino
1075 1655 1282 1736 displicuisse

179 1778 220 1820 ex
244 1763 457 1843 supracitato
482 1766 638 1826 sententio
669 1766 738 1829 cius
771 1766 811 1828 do
838 1765 974 1847 mundo,
1003 1784 1097 1852 quoru
1123 1775 1280 1848 tunquam

178 1871 292 1930 suimet
314 1871 440 1934 interire
461 1872 549 1952 dixit,
572 1875 763 1957 inteiligitur.

179 2007 416 2021 m

199 2075 230 2142 1)
248 2079 346 2131 Geseh.
364 2080 388 2128 d.
407 2079 473 2128 Phil.
491 2082 529 2130 lv
548 2081 593 2131 92.
1102 2127 1104 2134 ,

155 2166 159 2172 ‘
199 2167 230 2233 2)
249 2171 284 2219 cf.
303 2169 434 2220 casseri.
452 2172 462 2221 1
482 2171 545 2221 520.
564 2174 629 2223 636,
646 2170 797 2223 Schneider.
816 2175 850 2222 sd
870 2172 948 2241 [dog.
966 2175 988 2224 x
1007 2175 1042 2224 9³
1061 2171 1138 2240 (u).
