2872 4610
176 491 248 536 nem
271 475 488 555 assumpsisse
508 493 578 538 eom
599 485 696 557 puto,
728 477 878 559 quamuis
900 493 962 540 noa
983 491 1100 556 nepem
1121 473 1208 556 quod
1228 493 1270 538 ox

173 585 314 650 Eusebio
336 603 444 667 praep.
465 603 583 668 evang.
606 586 662 646 ts
688 594 721 647 et
747 601 788 648 ex
810 583 958 668 Diogene
977 583 1010 645 X
1030 581 1073 646 39
1090 582 1267 662 nuntiator,

174 691 346 773 Epicurum
383 693 516 756 eundem
549 693 590 756 ad
617 691 836 756 stabiliendam
865 692 1018 756 materiae
1048 692 1269 757 manitatem

173 799 367 868 adhibuisse.
408 801 554 880 Uterque
574 799 656 862 enim
680 798 892 862 definitionem
915 797 1047 863 decreto
1072 799 1160 862 Nihil
1181 818 1201 860 e
1220 799 1271 860 ui·

171 906 255 987 trito,
287 908 364 970 nihii
391 908 423 970 io
450 906 595 987 nihilum,
628 905 806 970 adiumtam
832 905 971 970 exhibet.
1013 905 1082 968 Sed
1101 906 1294 971 eorsttton.

171 1015 248 1078 iiiod
274 1023 418 1095 apertum
446 1024 499 1078 est
528 1015 559 1078 io
581 1013 796 1096 descriptione
812 1016 1005 1078 booretiooa
1027 1017 1056 1077 11
1077 1013 1270 1080 204408

104 1185 115 1195 ,
172 1122 213 1188 ei.
235 1122 339 1186 11⁷0.
382 1123 418 1186 tt
449 1141 527 1187 vero
555 1126 674 1188 reotius
695 1125 867 1186 Lueretius
894 1123 1076 1188 instituisse
1103 1120 1179 1184 mitri
1210 1123 1269 1182 vio

171 1229 263 1291 detor
285 1231 369 1312 quod
391 1229 605 1294 definitionem
626 1250 688 1293 non
709 1231 796 1292 initio
818 1229 886 1294 libri
915 1230 1007 1313 primi
1035 1229 1075 1292 od
1096 1227 1268 1324 'decretum

171 1335 260 1398 Nihil
285 1356 303 1396 e
324 1337 439 1419 nihilo,
469 1337 528 1400 sed
560 1345 592 1400 ut
615 1355 672 1418 par
698 1344 789 1419 erat,
822 1335 949 1398 demum
976 1342 1051 1416 post
1078 1334 1271 1416 descriptio·

170 1461 241 1504 nem
263 1461 408 1508 sommae
430 1446 570 1510 infinitae
592 1449 607 1510 1
627 1447 689 1510 957
705 1465 775 1528 sqq.
798 1445 837 1508 ad
853 1445 1271 1530 libriseoundiargomento

172 1551 213 1614 de
237 1563 389 1635 perpetuo
412 1565 588 1618 atomorum
611 1563 698 1618 motu
721 1555 824 1620 effert

231 1671 364 1734 Multum
379 1680 485 1738 autem
494 1673 622 1756 Epiouri
635 1675 776 1737 interfuit
788 1691 951 1756 corporum
969 1680 1124 1740 summain
1144 1679 1269 1744 eonsti-

171 1783 261 1839 tuere
282 1779 443 1842 infinitam.
486 1780 616 1860 Quare
637 1783 698 1844 sihi
718 1785 810 1845 visus
838 1793 889 1847 est
910 1784 987 1848 iliud
1011 1789 1161 1866 posuisse
1184 1787 1268 1866 quod

79 1879 86 1927 ἶ
171 1886 224 1946 aiii
257 1885 423 1950 dumtaxat
454 1909 515 1970 ope
543 1891 684 1952 Deorum
716 1909 753 1952 se
785 1892 946 1972 explicaro
976 1909 1074 1973 posse
1106 1895 1267 1974 putabant,

171 1993 278 2055 mundi
306 1995 432 2058 scilieet
458 1997 590 2078 eiusque
618 2018 720 2060 rerum
752 2008 853 2062 ortum
881 2009 913 2063 et
941 2003 1217 2064 conservationem
1235 2007 1268 2076 ¹)
1346 2033 1349 2042 ⁴

128 2166 131 2172 ,
169 2097 233 2161 Pro
262 2110 449 2182 argomento
471 2104 585 2166 Velteii
613 2103 697 2186 apud
720 2105 908 2185 Ciceronem
941 2109 1042 2170 verba
1062 2110 1205 2190 proferre
1230 2109 1271 2172 ti·

171 2209 577 2274 oeot.Not.Deor.120.
608 2213 743 2274 „Docuit
766 2213 848 2274 enirn
872 2229 932 2275 nos
955 2213 1050 2291 idom,
1072 2217 1125 2297 qui
1148 2226 1270 2300 detera,

172 2323 283 2388 natura
312 2313 462 2377 effectum
493 2334 569 2380 esse
592 2317 764 2396 mundum3'
791 2317 865 2380 nihil
894 2338 975 2400 opus
1005 2321 1107 2386 inisse
1135 2325 1269 2408 fabrioa,

171 2427 299 2500 tamque
321 2439 390 2482 eam
413 2439 478 2485 rem
502 2441 577 2486 esse
599 2424 725 2485 iaeiiem
748 2443 841 2504 quam
865 2443 926 2486 vos
949 2426 1034 2488 efflei
1056 2431 1184 2510 negatis
1199 2437 1269 2498 sine

172 2525 280 2590 diviua
300 2545 397 2608 posse
419 2530 571 2609 soltertia,
594 2539 628 2591 ut
648 2529 890 2593 innumerabiles
905 2542 1017 2597 natura
1029 2538 1163 2602 mundos
1186 2541 1271 2604 effe-

173 2641 264 2694 ctura
284 2634 345 2710 sit,
368 2634 487 2696 efficiet
498 2677 509 2714 ,
531 2634 684 2698 effecerit.
703 2667 746 2680 —-
766 2669 807 2680 -
829 2669 870 2682 -
892 2639 982 2702 euius
1003 2640 1069 2719 (se.
1090 2645 1168 2719 Dei)
1189 2667 1271 2728 opat-

169 2758 237 2802 ram
255 2741 401 2820 profecto
422 2761 485 2804 noo
508 2741 747 2826 desideraretis,
769 2746 800 2804 si
821 2742 1007 2809 immensam
1030 2758 1063 2810 et
1085 2750 1271 2819 intermina-

169 2854 234 2908 tam
255 2851 288 2908 io
310 2865 420 2911 omnes
441 2859 551 2930 partes
573 2850 819 2931 magnitudinem
832 2855 999 2931 regionum
1021 2856 1186 2942 videretis,
1207 2871 1269 2925 ete.

170 2952 258 3014 idem
282 2953 375 3016 donet
398 2957 569 3020 Lueretius
592 2960 621 3019 ΙΙ
647 2960 727 3022 1048
743 2975 813 3042 sqq.
857 2964 889 3024 is
911 2983 989 3026 vero
1013 2968 1073 3028 sub
1096 2987 1270 3051 argumen-

169 3065 300 3125 tationis
323 3061 415 3126 finem
439 3065 519 3132 haee
542 3069 735 3148 gravissima
759 3071 859 3140 verba
884 3077 1072 3153 pronunciat
1095 3081 1179 3144 1090
1198 3101 1270 3166 sqq,

371 3191 449 3258 Quae
467 3194 532 3244 berre
550 3194 661 3259 cognita
678 3196 702 3246 si
720 3202 822 3263 teneas,
840 3201 950 3252 natura
969 3203 1076 3258 vitietur

367 3282 475 3332 Libero
493 3285 631 3350 contione,
649 3287 761 3336 dominio
779 3289 888 3351 privato
905 3295 1039 3361 superbis,
1082 3311 1083 3314 ¹

368 3375 432 3436 ipsa
449 3387 500 3424 sue
516 3388 565 3438 per
581 3389 612 3462 she
630 3382 727 3440 sponte
745 3381 834 3430 omnia
852 3381 894 3432 dis
910 3396 994 3448 agere
1011 3401 1116 3452 expers.

171 3489 348 3572 Corporum
370 3493 494 3573 copiam
516 3497 700 3559 necessario
727 3508 856 3581 propter
882 3502 987 3566 mundi
1010 3513 1042 3568 et
1062 3511 1177 3572 rerum
1191 3529 1270 3572 oon-

178 3645 408 3661 m*

191 3749 225 3816 1)
242 3753 334 3804 't'ertie
355 3758 399 3804 est
422 3757 540 3807 definitio
564 3756 658 3808 infiniti
681 3762 751 3821 apud
769 3760 945 3812 Aristotelem
962 3763 981 3813 t.
998 3765 1019 3814 t.
1043 3764 1081 3814 du
1097 3767 1132 3832 τῷ
1147 3760 1222 3822 οὕτως
1239 3762 1272 3814 ἄν

244 3843 326 3911 μόνως
343 3845 379 3912 paq*
395 3844 540 3900 insisterem
556 3854 650 3917 γένεσιν
668 3853 709 3900 καὶ
725 3849 829 3916 φθοράν,
846 3851 868 3904 εἶ
884 3850 985 3918 ἄπειρον
1001 3858 1039 3920 εἴη
1053 3850 1117 3906 ὅθεν
1138 3851 1272 3920 ἆφαιρεῖται

239 3937 269 3987 τό
295 3935 453 4006 γιγνόμενον.
487 3943 732 3994 Anaximandream
759 3945 824 3994 dieit
845 3947 1020 3996 Brundisi
1041 3949 1093 3997 tes
1110 3949 1136 3998 d.
1170 3949 1270 3998 Eadem

237 4037 404 4089 Democritus
425 4049 491 4097 usus
508 4043 557 4088 est.
576 4037 671 4101 stnpt.
689 4041 724 4090 ed
741 4041 825 4092 Arist.
843 4043 921 4106 phys.
939 4043 989 4092 tol.
1007 4043 1036 4093 ’7.
