2872 4610
623 305 828 370 ..app-

182 487 269 569 λέξιν
288 486 392 553 ταῦτα
412 486 581 576 γέγραφεν.
604 481 721 554 abdito?
741 489 794 554 ani
817 489 922 578 papir.
935 482 1053 556 τούτου
1072 488 1273 578 τοιαμέραας

175 590 233 662 οὐκ
253 588 329 662 οἶδα
359 592 450 672 ὅπως
477 597 531 661 δεῖ
559 589 602 661 ταὶ
630 595 663 662 ἐν
691 591 801 664 σκότει
828 600 931 664 ταῦτα
963 592 1041 664 ὄντα
1061 599 1166 686 φῆσαι
1187 590 1272 686 χρώ--

173 729 262 788 ματα
288 699 382 785 ἔχειν·
409 703 477 768 κτλ.
509 708 550 769 of.
575 709 701 771 eroret.
728 712 775 772 tv
798 709 974 774 338-3ὄ4,
1020 713 1053 773 id
1077 732 1165 792 vero,
1190 711 1275 792 quod

176 817 257 878 oculi
273 817 390 896 pupilia
402 815 432 876 in
442 813 582 876 diversis
596 816 755 878 coloribus
768 819 978 898 percipiendis
996 817 1144 882 diversas
1160 821 1273 902 plagas

174 925 322 1005 patiatur,
340 921 423 984 satis
439 920 572 1000 probare
589 922 766 1000 contendit,
789 943 898 988 voram
913 945 1018 988 rerum
1030 937 1172 990 naturam
1191 929 1274 992 sotis

174 1029 359 1111 corporibus
375 1047 457 1112 quac
474 1038 608 1114 tangant
624 1046 753 1094 sensnm
769 1033 953 1095 etdiversis
975 1049 1140 1114 corporum
1163 1035 1273 1098 formis

173 1155 255 1218 quae
278 1135 415 1220 diversis
437 1136 540 1198 modis
566 1137 709 1199 afficiant
738 1149 885 1202 constare
907 1142 936 1202 ti
955 1141 1021 1202 810
1034 1173 1071 1189 ·-
1086 1142 1156 1207 817.
1200 1145 1272 1206 Huc

170 1246 312 1309 aduertit
329 1256 548 1328 argumentum
566 1247 606 1310 de
629 1248 768 1310 colorum
792 1250 821 1310 in
846 1250 942 1312 certis
963 1249 1059 1312 rebus
1080 1249 1269 1330 constantia,

170 1371 234 1436 quo
253 1375 295 1418 ex
306 1357 413 1419 certis
434 1374 599 1437 corporum
618 1357 875 1436 dispositionibus
891 1359 1053 1440 certisque
1067 1357 1179 1440 figuris
1196 1375 1270 1420 esse

167 1473 274 1530 certos
296 1457 421 1528 colores
443 1477 537 1548 aptos
557 1465 757 1530 'demonstrat
776 1467 838 1530 817
851 1465 963 1528 1-826.
1012 1465 1136 1528 Deinde
1158 1474 1265 1529 auteur

168 1580 334 1660 postquam
351 1579 489 1639 colorem
503 1579 623 1639 sensim
641 1579 672 1638 in
690 1579 785 1640 rebus
807 1595 1016 1657 evanescere,
1038 1577 1066 1637 si
1086 1594 1215 1657 semper
1235 1579 1267 1638 iu

168 1688 308 1745 minores
324 1691 431 1764 partes
444 1681 699 1765 diminuerentur,
720 1683 858 1764 ideoque
871 1692 1039 1763 antequam
1061 1679 1101 1743 ed
1122 1700 1163 1744 ea
1185 1699 1266 1762 quae

173 1793 300 1854 minima
316 1798 426 1852 esseut
444 1791 565 1854 semina
581 1801 766 1870 perventum
786 1791 889 1870 fuerit,
908 1807 1030 1851 omnem
1051 1791 1190 1851 colorem
1206 1809 1267 1850 ex-

170 1901 323 1961 stinctum
343 1898 412 1960 iore
425 1897 564 1976 monuit,
587 1898 648 1958 hoc
670 1905 890 1980 argumentum
913 1897 1059 1961 exbibete
1080 1915 1143 1958 nou
1164 1896 1268 1960 omnia

172 2023 305 2086 corpora
323 2023 437 2066 vocem
461 2012 515 2065 aut
535 2003 663 2064 odorem
681 2003 790 2083 edere,
813 2021 947 2083 earnque
972 2003 1011 2064 ob
1034 2020 1183 2066 caussam
1206 2023 1268 2065 non

86 2171 90 2183 ,
170 2114 316 2176 omnibns
327 2130 442 2174 vocem
458 2111 652 2173 antedonem
671 2109 764 2172 tribui
779 2127 895 2190 posse;
908 2112 985 2173 item
998 2131 1076 2172 vero
1089 2111 1267 2174 nonomuia

171 2221 258 2283 cerui
279 2229 429 2301 possent
450 2239 487 2280 ea
511 2218 551 2280 de
573 2237 690 2280 caussa
708 2237 839 2299 corporo
861 2219 966 2282 oolore
988 2220 1097 2282 orbata
1118 2228 1265 2284 statuen-

167 2329 209 2392 da
231 2343 315 2391 esse.
338 2330 367 2388 li
381 2327 557 2392 sto-sta.
582 2326 732 2408 idemque
742 2326 781 2387 de
794 2329 914 2388 ueteris
924 2328 1143 2408 qualitatibus,
1153 2345 1265 2392 exeru-

167 2441 218 2520 pio
240 2439 286 2500 rei
307 2436 412 2499 odoris
434 2436 563 2498 orbatae
586 2453 682 2506 nsua,
695 2435 790 2496 docet
810 2437 836 2494 ΙΙ
860 2435 957 2496 842⁰
980 2435 1051 2496 855.
1089 2437 1141 2497 ita
1158 2437 1263 2519 igitur,

101 2525 107 2534 ⁶
165 2546 313 2628 quoniam
329 2563 390 2606 uon
409 2544 512 2607 onmia
529 2545 645 2626 quovis
662 2563 761 2605 seusu
774 2543 997 2625 percipiantur,
1021 2545 1095 2604 sive
1114 2544 1261 2624 quoniam

165 2671 229 2718 uon
246 2652 387 2734 quaevis
410 2669 462 2713 res
482 2652 584 2712 cuivis
607 2651 718 2712 sensui
747 2659 876 2712 moveat
902 2648 1125 2728 affectionem,
1155 2649 1264 2712 dicere
1311 2639 1315 2646 ’

162 2779 264 2825 ausus
286 2769 347 2842 est,
371 2759 526 2821 eiusmodi
545 2759 714 2840 qualitates
735 2777 796 2818 nou
815 2757 939 2816 omnino
957 2760 989 2817 iu
1004 2756 1100 2818 rebus
1112 2765 1263 2818 constare

164 2865 325 2948 putandas
342 2881 415 2926 essa
429 2874 461 2927 et
479 2864 598 2926 idcirco
613 2864 798 2944 qualitatem
814 2862 859 2924 rei
872 2863 1006 2924 alieuius
1022 2864 1122 2924 sotum
1139 2863 1170 2925 id
1186 2881 1262 2926 esse

164 2971 378 3052 quodcunque
398 2971 430 3032 in
445 2972 539 3033 rebus
557 2991 656 3033 seusu
680 2972 877 3052 percipiatur.
920 2973 1014 3033 Hauc
1037 2989 1129 3034 unam
1150 2990 1261 3036 veram

164 3080 240 3146 essa'
261 3081 357 3143 huius
373 3083 550 3161 argumenti
573 3083 759 3144 seutentiam
784 3091 867 3156 puto.
910 3081 1002 3146 Unde
1022 3083 1261 3164 cognoscimus,

164 3189 350 3272 Lucretium
373 3188 465 3269 plane
477 3188 515 3250 ad
534 3191 676 3269 magistri
692 3190 821 3268 Epicuri
839 3189 1002 3272 rationem,
1026 3204 1134 3250 veram
1157 3204 1261 3252 rerum

69 3293 73 3300 '
162 3301 306 3356 naturam
329 3311 501 3373 earumque
523 3281 751 3377 συμβεβηκότα
774 3294 964 3356 discernere.
996 3294 1091 3376 Diog.
1114 3295 1146 3354 X
1167 3293 1218 3356 tr.

223 3403 381 3484 Epicurus
394 3411 500 3463 autem
513 3400 563 3462 ubi
574 3400 614 3462 de
625 3401 773 3462 sensibus
783 3401 919 3481 loquitur
934 3385 1157 3480 perceptiones
1167 3400 1259 3464 unius

162 3509 371 3590 eiusdemque
385 3513 504 3570 s‘eusns
518 3508 693 3590 distinguit.
717 3509 791 3588 Quo
807 3512 955 3592 pertinet,
978 3509 1062 3592 quod
1077 3499 1193 3592 ὄγκους
1205 3510 1258 3591 qui

160 3615 192 3676 iu
212 3624 333 3678 certum
355 3633 488 3678 sensum
511 3614 664 3697 quendam
690 3623 870 3696 penetrant,
891 3617 971 3678 alios
995 3615 1070 3677 dioit
1093 3615 1258 3679 turbantes

160 3728 194 3784 ct
214 3721 443 3803 discrepantes,
467 3724 546 3785 aiios
565 3743 629 3785 nou
646 3723 866 3803 perturbantes
883 3733 916 3784 et
931 3735 1025 3803 aptos
1044 3724 1141 3806 Diog.
1156 3719 1254 3784 X53:

158 3821 191 3888 οἱ
210 3821 270 3906 μὲν
291 3827 377 3888 τοῖαι
396 3821 642 3909 τεταραγμένως
662 3823 717 3888 καὶ
740 3817 935 3910 ἀλλοτρίως,
956 3821 988 3888 οἱ
1008 3821 1046 3888 δὲ
1066 3827 1153 3890 τοῖοι
1172 3815 1257 3892 ἆτα-

157 3922 266 4018 ρᾶχως
297 3928 352 3994 καὶ
384 3925 513 4004 οἰκείως
545 3922 681 4008 ἔχοντες.
739 3931 861 3994 ldodem
879 3931 989 3996 ,modo
1020 3933 1191 3997 [eucratius
1223 3934 1256 4005 in

116 4119 120 4129 Ι
157 4037 238 4102 libro
252 4039 300 4104 lV
315 4039 543 4102 breuitatem·
551 4039 787 4120 perceptionum
809 4039 903 4102 unius
920 4037 1126 4120 eiusdemque
1136 4057 1255 4108 sensns

1421 425 1423 492 i
